
  <marc:record>
    <marc:leader>03836cam a2200553Ma 4500</marc:leader>
    <marc:controlfield tag="001">852756423</marc:controlfield>
    <marc:controlfield tag="003">OCoLC</marc:controlfield>
    <marc:controlfield tag="005">20130809062250.0</marc:controlfield>
    <marc:controlfield tag="007">cr cnu--unuuu</marc:controlfield>
    <marc:controlfield tag="008">130713s2013    nyu     o     000 0deng d</marc:controlfield>
    <marc:datafield tag="020" ind1=" " ind2=" ">
      <marc:subfield code="a">9781937856847 (electronic bk.)</marc:subfield>
    </marc:datafield>
    <marc:datafield tag="020" ind1=" " ind2=" ">
      <marc:subfield code="a">1937856844 (electronic bk.)</marc:subfield>
    </marc:datafield>
    <marc:datafield tag="035" ind1=" " ind2=" ">
      <marc:subfield code="a">(OCoLC)852756423</marc:subfield>
    </marc:datafield>
    <marc:datafield tag="037" ind1=" " ind2=" ">
      <marc:subfield code="a">A742A667-8FC8-4710-AD50-BE6930D2F19A</marc:subfield>
      <marc:subfield code="b">OverDrive, Inc.</marc:subfield>
      <marc:subfield code="n">http://www.overdrive.com</marc:subfield>
    </marc:datafield>
    <marc:datafield tag="040" ind1=" " ind2=" ">
      <marc:subfield code="a">EBLCP</marc:subfield>
      <marc:subfield code="b">eng</marc:subfield>
      <marc:subfield code="c">EBLCP</marc:subfield>
      <marc:subfield code="d">N$T</marc:subfield>
      <marc:subfield code="d">TEFOD</marc:subfield>
      <marc:subfield code="d">NYP</marc:subfield>
    </marc:datafield>
    <marc:datafield tag="049" ind1=" " ind2=" ">
      <marc:subfield code="a">NYPP</marc:subfield>
    </marc:datafield>
    <marc:datafield tag="050" ind1=" " ind2="4">
      <marc:subfield code="a">PS3563.A255</marc:subfield>
      <marc:subfield code="b">Z75 2013</marc:subfield>
    </marc:datafield>
    <marc:datafield tag="072" ind1=" " ind2="7">
      <marc:subfield code="a">LIT</marc:subfield>
      <marc:subfield code="x">004020</marc:subfield>
      <marc:subfield code="2">bisacsh</marc:subfield>
    </marc:datafield>
    <marc:datafield tag="082" ind1="0" ind2="4">
      <marc:subfield code="a">813.54</marc:subfield>
    </marc:datafield>
    <marc:datafield tag="091" ind1=" " ind2=" ">
      <marc:subfield code="a">eNYPL Book</marc:subfield>
    </marc:datafield>
    <marc:datafield tag="130" ind1="0" ind2=" ">
      <marc:subfield code="a">Dragonwriter: a tribute to Anne McCaffrey and Pern</marc:subfield>
      <marc:subfield code="1">http://www.worldcat.org/oclc/808417556</marc:subfield>
    </marc:datafield>
    <marc:datafield tag="240" ind1="0" ind2="0">
      <marc:subfield code="a">Dragonwriter</marc:subfield>
      <marc:subfield code="1">http://worldcat.org/entity/work/id/1371795232</marc:subfield>
    </marc:datafield>
    <marc:datafield tag="245" ind1="0" ind2="0">
      <marc:subfield code="a">Dragonwriter</marc:subfield>
      <marc:subfield code="h">[electronic resource] :</marc:subfield>
      <marc:subfield code="b">a tribute to Anne McCaffrey and Pern /</marc:subfield>
      <marc:subfield code="c">edited by Todd McCaffrey, with Leah Wilson.</marc:subfield>
    </marc:datafield>
    <marc:datafield tag="246" ind1="3" ind2=" ">
      <marc:subfield code="a">Dragon writer.</marc:subfield>
    </marc:datafield>
    <marc:datafield tag="260" ind1=" " ind2=" ">
      <marc:subfield code="a">New York :</marc:subfield>
      <marc:subfield code="b">BenBella Books, Inc.,</marc:subfield>
      <marc:subfield code="c">2013.</marc:subfield>
    </marc:datafield>
    <marc:datafield tag="300" ind1=" " ind2=" ">
      <marc:subfield code="a">1 online resource (289 p.)</marc:subfield>
    </marc:datafield>
    <marc:datafield tag="336" ind1=" " ind2=" ">
      <marc:subfield code="a">text</marc:subfield>
      <marc:subfield code="b">txt</marc:subfield>
      <marc:subfield code="1">http://rdaregistry.info/termList/RDAContentType/1020</marc:subfield>
      <marc:subfield code="2">rdacontent</marc:subfield>
    </marc:datafield>
    <marc:datafield tag="337" ind1=" " ind2=" ">
      <marc:subfield code="a">computer</marc:subfield>
      <marc:subfield code="b">c</marc:subfield>
      <marc:subfield code="1">http://rdaregistry.info/termList/RDAMediaType/1003</marc:subfield>
      <marc:subfield code="2">rdamedia</marc:subfield>
    </marc:datafield>
    <marc:datafield tag="338" ind1=" " ind2=" ">
      <marc:subfield code="a">online resource</marc:subfield>
      <marc:subfield code="b">cr</marc:subfield>
      <marc:subfield code="1">http://rdaregistry.info/termList/RDACarrierType/1018</marc:subfield>
      <marc:subfield code="2">rdacarrier</marc:subfield>
    </marc:datafield>
    <marc:datafield tag="380" ind1=" " ind2=" ">
      <marc:subfield code="a">novel</marc:subfield>
      <marc:subfield code="1">http://id.loc.gov/vocabulary/marcgt/nov</marc:subfield>
      <marc:subfield code="2">marcgt</marc:subfield>
    </marc:datafield>
    <marc:datafield tag="505" ind1="0" ind2=" ">
      <marc:subfield code="a">Introduction; Anne McCaffrey, Believer in Us; Why Are You Reading This Stupid Shirt?; Star Power; How the Dragonlady Saved My Life; Bookends; Lessons from Lessa; Flying in New Directions; Modeling the Writer's Life; All the Weyrs of Pern; The McCaffrey Effect; The Ships That Were; The Dragonlady's Songs; Religion on Pern?; Annie and Horses; Picturing Pern; Red Star Rising; Changes Without Notice; The Twithead with the Dragon Tattoo; The Masterharper Is Gone; Universal Mum; Afterword; Acknowledgments; About the Editor.</marc:subfield>
    </marc:datafield>
    <marc:datafield tag="520" ind1=" " ind2=" ">
      <marc:subfield code="a">When Anne McCaffrey passed in November 2011, it was not only those closest to her who mourned her death; legions of readers also felt the loss deeply. The pioneering science fiction author behind the Dragonriders of Pern® series crafted intricate stories, enthralling worlds, and strong heroines that profoundly impacted the science fiction community and genre.In Dragonwriter, Anne's son and Pern writer Todd McCaffrey collects memories and stories about the beloved author, along with insights into her writing and legacy, from those who knew her best. Nebula Award?winner El.</marc:subfield>
    </marc:datafield>
    <marc:datafield tag="600" ind1="1" ind2="0">
      <marc:subfield code="a">McCaffrey, Anne</marc:subfield>
      <marc:subfield code="x">Appreciation.</marc:subfield>
      <marc:subfield code="1">http://viaf.org/viaf/110586836</marc:subfield>
    </marc:datafield>
    <marc:datafield tag="600" ind1="1" ind2="0">
      <marc:subfield code="a">McCaffrey, Anne</marc:subfield>
      <marc:subfield code="x">Influence.</marc:subfield>
      <marc:subfield code="1">http://viaf.org/viaf/110586836</marc:subfield>
    </marc:datafield>
    <marc:datafield tag="650" ind1=" " ind2="0">
      <marc:subfield code="a">Science fiction, American</marc:subfield>
      <marc:subfield code="y">20th century</marc:subfield>
      <marc:subfield code="x">History and criticism.</marc:subfield>
    </marc:datafield>
    <marc:datafield tag="650" ind1=" " ind2="0">
      <marc:subfield code="a">Women and literature</marc:subfield>
      <marc:subfield code="z">United States</marc:subfield>
      <marc:subfield code="x">History</marc:subfield>
      <marc:subfield code="y">20th century.</marc:subfield>
    </marc:datafield>
    <marc:datafield tag="650" ind1=" " ind2="7">
      <marc:subfield code="a">LITERARY CRITICISM / American / General</marc:subfield>
      <marc:subfield code="2">bisacsh.</marc:subfield>
    </marc:datafield>
    <marc:datafield tag="655" ind1=" " ind2="4">
      <marc:subfield code="a">Electronic books.</marc:subfield>
    </marc:datafield>
    <marc:datafield tag="700" ind1="1" ind2=" ">
      <marc:subfield code="a">McCaffrey, Todd.</marc:subfield>
      <marc:subfield code="1">http://viaf.org/viaf/61870747</marc:subfield>
      <marc:subfield code="4">edt</marc:subfield>
    </marc:datafield>
    <marc:datafield tag="700" ind1="1" ind2=" ">
      <marc:subfield code="a">Wilson, Leah</marc:subfield>
      <marc:subfield code="1">http://viaf.org/viaf/19986612</marc:subfield>
      <marc:subfield code="4">edt</marc:subfield>
    </marc:datafield>
    <marc:datafield tag="700" ind1="1" ind2=" ">
      <marc:subfield code="a">Brin, David.</marc:subfield>
      <marc:subfield code="1">http://viaf.org/viaf/85314364</marc:subfield>
      <marc:subfield code="4">aut</marc:subfield>
    </marc:datafield>
    <marc:datafield tag="700" ind1="1" ind2=" ">
      <marc:subfield code="a">Bujold, Lois McMaster.</marc:subfield>
      <marc:subfield code="1">http://viaf.org/viaf/51747658</marc:subfield>
      <marc:subfield code="4">aut</marc:subfield>
    </marc:datafield>
    <marc:datafield tag="700" ind1="1" ind2=" ">
      <marc:subfield code="a">Lackey, Mercedes.</marc:subfield>
      <marc:subfield code="1">http://viaf.org/viaf/24735343</marc:subfield>
      <marc:subfield code="4">aut</marc:subfield>
    </marc:datafield>
    <marc:datafield tag="700" ind1="1" ind2=" ">
      <marc:subfield code="a">Moon, Elizabeth.</marc:subfield>
      <marc:subfield code="1">http://viaf.org/viaf/100880163</marc:subfield>
      <marc:subfield code="4">aut</marc:subfield>
    </marc:datafield>
    <marc:datafield tag="700" ind1="1" ind2=" ">
      <marc:subfield code="a">Whelan, Michael.</marc:subfield>
      <marc:subfield code="1">http://viaf.org/viaf/27879009</marc:subfield>
      <marc:subfield code="4">ill</marc:subfield>
    </marc:datafield>
    <marc:datafield tag="700" ind1="1" ind2=" ">
      <marc:subfield code="a">Yarbro, Chelsea Quinn.</marc:subfield>
      <marc:subfield code="1">http://viaf.org/viaf/98392632</marc:subfield>
      <marc:subfield code="4">aut</marc:subfield>
    </marc:datafield>
    <marc:datafield tag="710" ind1="2" ind2=" ">
      <marc:subfield code="a">OverDrive, Inc.</marc:subfield>
      <marc:subfield code="1">http://viaf.org/viaf/127053490</marc:subfield>
    </marc:datafield>
    <marc:datafield tag="776" ind1="0" ind2="8">
      <marc:subfield code="i">Print version:</marc:subfield>
      <marc:subfield code="a">McCaffrey, Todd</marc:subfield>
      <marc:subfield code="t">Dragonwriter : A Tribute to Anne McCaffrey and Pern</marc:subfield>
      <marc:subfield code="d">New York : BenBella Books, Inc.,c2013</marc:subfield>
      <marc:subfield code="z">9781937856830.</marc:subfield>
    </marc:datafield>
    <marc:datafield tag="856" ind1="4" ind2="0">
      <marc:subfield code="u">http://ebooks.nypl.org/ContentDetails.htm?ID=A742A667-8FC8-4710-AD50-BE6930D2F19A</marc:subfield>
      <marc:subfield code="y">Access eNYPL</marc:subfield>
    </marc:datafield>
  </marc:record>