
  <marc:record>
    <marc:leader>01675cam a2200337Ia 4500</marc:leader>
    <marc:controlfield tag="001">173818427</marc:controlfield>
    <marc:controlfield tag="003">OCoLC</marc:controlfield>
    <marc:controlfield tag="005">20080421102434.0</marc:controlfield>
    <marc:controlfield tag="008">071008s2007    cau           000 j eng d</marc:controlfield>
    <marc:datafield tag="020" ind1=" " ind2=" ">
      <marc:subfield code="a">9781597801096 (hc.)</marc:subfield>
    </marc:datafield>
    <marc:datafield tag="020" ind1=" " ind2=" ">
      <marc:subfield code="a">1597801097 (hc.)</marc:subfield>
    </marc:datafield>
    <marc:datafield tag="020" ind1=" " ind2=" ">
      <marc:subfield code="a">9781597801089 (Limited ed.)</marc:subfield>
    </marc:datafield>
    <marc:datafield tag="020" ind1=" " ind2=" ">
      <marc:subfield code="a">1597801089 (Limited ed.)</marc:subfield>
    </marc:datafield>
    <marc:datafield tag="040" ind1=" " ind2=" ">
      <marc:subfield code="a">LKR</marc:subfield>
      <marc:subfield code="c">LKR</marc:subfield>
      <marc:subfield code="d">BTCTA</marc:subfield>
      <marc:subfield code="d">BAKER</marc:subfield>
      <marc:subfield code="d">UKM</marc:subfield>
      <marc:subfield code="d">VP@</marc:subfield>
      <marc:subfield code="d">UtOrBLW</marc:subfield>
    </marc:datafield>
    <marc:datafield tag="082" ind1="0" ind2="4">
      <marc:subfield code="a">813.54</marc:subfield>
      <marc:subfield code="2">22</marc:subfield>
    </marc:datafield>
    <marc:datafield tag="091" ind1=" " ind2=" ">
      <marc:subfield code="a">FIC</marc:subfield>
      <marc:subfield code="c">M</marc:subfield>
    </marc:datafield>
    <marc:datafield tag="100" ind1="1" ind2=" ">
      <marc:subfield code="a">Moon, Elizabeth</marc:subfield>
      <marc:subfield code="1">http://viaf.org/viaf/100880163</marc:subfield>
      <marc:subfield code="4">aut</marc:subfield>
    </marc:datafield>
    <marc:datafield tag="240" ind1="1" ind2="0">
      <marc:subfield code="a">Moon flights</marc:subfield>
      <marc:subfield code="1">http://worldcat.org/entity/work/id/480368132</marc:subfield>
    </marc:datafield>
    <marc:datafield tag="245" ind1="1" ind2="0">
      <marc:subfield code="a">Moon flights /</marc:subfield>
      <marc:subfield code="c">Elizabeth Moon with an introduction by Anne McCaffrey.</marc:subfield>
    </marc:datafield>
    <marc:datafield tag="250" ind1=" " ind2=" ">
      <marc:subfield code="a">1st ed.</marc:subfield>
    </marc:datafield>
    <marc:datafield tag="260" ind1=" " ind2=" ">
      <marc:subfield code="a">San Francisco :</marc:subfield>
      <marc:subfield code="b">Nightshade,</marc:subfield>
      <marc:subfield code="c">c2007.</marc:subfield>
    </marc:datafield>
    <marc:datafield tag="300" ind1=" " ind2=" ">
      <marc:subfield code="a">272 p. ;</marc:subfield>
      <marc:subfield code="c">24 cm.</marc:subfield>
    </marc:datafield>
    <marc:datafield tag="336" ind1=" " ind2=" ">
      <marc:subfield code="a">text</marc:subfield>
      <marc:subfield code="b">txt</marc:subfield>
      <marc:subfield code="1">http://rdaregistry.info/termList/RDAContentType/1020</marc:subfield>
      <marc:subfield code="2">rdacontent</marc:subfield>
    </marc:datafield>
    <marc:datafield tag="337" ind1=" " ind2=" ">
      <marc:subfield code="a">unmediated</marc:subfield>
      <marc:subfield code="b">n</marc:subfield>
      <marc:subfield code="1">http://rdaregistry.info/termList/RDAMediaType/1007</marc:subfield>
      <marc:subfield code="2">rdamedia</marc:subfield>
    </marc:datafield>
    <marc:datafield tag="338" ind1=" " ind2=" ">
      <marc:subfield code="a">volume</marc:subfield>
      <marc:subfield code="b">nc</marc:subfield>
      <marc:subfield code="1">http://rdaregistry.info/termList/RDACarrierType/1049</marc:subfield>
      <marc:subfield code="2">rdacarrier</marc:subfield>
    </marc:datafield>
    <marc:datafield tag="380" ind1=" " ind2=" ">
      <marc:subfield code="a">short stories</marc:subfield>
      <marc:subfield code="1">http://id.loc.gov/authorities/genreForms/gf2014026542</marc:subfield>
      <marc:subfield code="2">lcgft</marc:subfield>
    </marc:datafield>
    <marc:datafield tag="505" ind1="0" ind2="0">
      <marc:subfield code="t">If nudity offends you  -</marc:subfield>
      <marc:subfield code="t">Gifts -</marc:subfield>
      <marc:subfield code="t">Politics -</marc:subfield>
      <marc:subfield code="t">And ladies of the club -</marc:subfield>
      <marc:subfield code="t">Accidents don't just happen-they're caused -</marc:subfield>
      <marc:subfield code="t">New world symphony -</marc:subfield>
      <marc:subfield code="t">No pain, no gain -</marc:subfield>
      <marc:subfield code="t">Hand to hand -</marc:subfield>
      <marc:subfield code="t">Tradition -</marc:subfield>
      <marc:subfield code="t">Fool's gold -</marc:subfield>
      <marc:subfield code="t">Judgment -</marc:subfield>
      <marc:subfield code="t">Gravesite revisited -</marc:subfield>
      <marc:subfield code="t">Sweet charity -</marc:subfield>
      <marc:subfield code="t">Welcome to Wheel Days -</marc:subfield>
      <marc:subfield code="t">Say cheese.</marc:subfield>
    </marc:datafield>
    <marc:datafield tag="650" ind1=" " ind2="0">
      <marc:subfield code="a">Short stories, American.</marc:subfield>
    </marc:datafield>
    <marc:datafield tag="655" ind1=" " ind2="7">
      <marc:subfield code="a">Science fiction</marc:subfield>
      <marc:subfield code="1">http://id.loc.gov/authorities/genreForms/gf2014026529</marc:subfield>
      <marc:subfield code="2">lcgft</marc:subfield>
    </marc:datafield>
    <marc:datafield tag="655" ind1=" " ind2="7">
      <marc:subfield code="a">Fantasy fiction.</marc:subfield>
      <marc:subfield code="2">lcgft.</marc:subfield>
    </marc:datafield>
    <marc:datafield tag="700" ind1="1" ind2=" ">
      <marc:subfield code="a">McCaffrey, Anne.</marc:subfield>
      <marc:subfield code="1">http://viaf.org/viaf/110586836</marc:subfield>
      <marc:subfield code="a">ui</marc:subfield>
    </marc:datafield>
  </marc:record>