
  <marc:record>
    <marc:leader>03124aam a22006731i 4500</marc:leader>
    <marc:controlfield tag="001">018990948</marc:controlfield>
    <marc:controlfield tag="003">Uk</marc:controlfield>
    <marc:controlfield tag="005">20180828155258.0</marc:controlfield>
    <marc:controlfield tag="006">m    ||  d |      </marc:controlfield>
    <marc:controlfield tag="007">cr |||||||||||</marc:controlfield>
    <marc:controlfield tag="008">141001s2014    enk    eo     000 1 eng d</marc:controlfield>
    <marc:datafield tag="015" ind1=" " ind2=" ">
      <marc:subfield code="a">GBB8E3877</marc:subfield>
      <marc:subfield code="2">bnb</marc:subfield>
    </marc:datafield>
    <marc:datafield tag="020" ind1=" " ind2=" ">
      <marc:subfield code="a">9780007532100</marc:subfield>
      <marc:subfield code="q">(electronic bk.)</marc:subfield>
    </marc:datafield>
    <marc:datafield tag="020" ind1=" " ind2=" ">
      <marc:subfield code="a">0007532105</marc:subfield>
      <marc:subfield code="q">(electronic bk.)</marc:subfield>
    </marc:datafield>
    <marc:datafield tag="037" ind1=" " ind2=" ">
      <marc:subfield code="a">9780007532100</marc:subfield>
      <marc:subfield code="b">Ingram Content Group</marc:subfield>
    </marc:datafield>
    <marc:datafield tag="040" ind1=" " ind2=" ">
      <marc:subfield code="a">TEFOD</marc:subfield>
      <marc:subfield code="b">eng</marc:subfield>
      <marc:subfield code="c">TEFOD</marc:subfield>
      <marc:subfield code="d">TEFOD</marc:subfield>
      <marc:subfield code="d">OCLCF</marc:subfield>
      <marc:subfield code="d">OCLCO</marc:subfield>
      <marc:subfield code="d">OCLCQ</marc:subfield>
      <marc:subfield code="d">TEFOD</marc:subfield>
      <marc:subfield code="d">NLE</marc:subfield>
      <marc:subfield code="d">Uk</marc:subfield>
      <marc:subfield code="e">rda</marc:subfield>
      <marc:subfield code="e">pn</marc:subfield>
    </marc:datafield>
    <marc:datafield tag="042" ind1=" " ind2=" ">
      <marc:subfield code="a">ukblsr</marc:subfield>
    </marc:datafield>
    <marc:datafield tag="050" ind1=" " ind2="4">
      <marc:subfield code="a">PS3556.E446</marc:subfield>
    </marc:datafield>
    <marc:datafield tag="072" ind1=" " ind2="7">
      <marc:subfield code="a">FIC</marc:subfield>
      <marc:subfield code="x">009040</marc:subfield>
      <marc:subfield code="2">bisacsh</marc:subfield>
    </marc:datafield>
    <marc:datafield tag="072" ind1=" " ind2="7">
      <marc:subfield code="a">FIC</marc:subfield>
      <marc:subfield code="x">066000</marc:subfield>
      <marc:subfield code="2">bisacsh</marc:subfield>
    </marc:datafield>
    <marc:datafield tag="072" ind1=" " ind2="7">
      <marc:subfield code="a">FIC</marc:subfield>
      <marc:subfield code="x">009100</marc:subfield>
      <marc:subfield code="2">bisacsh</marc:subfield>
    </marc:datafield>
    <marc:datafield tag="072" ind1=" " ind2="7">
      <marc:subfield code="a">FIC</marc:subfield>
      <marc:subfield code="x">003000</marc:subfield>
      <marc:subfield code="2">bisacsh</marc:subfield>
    </marc:datafield>
    <marc:datafield tag="072" ind1=" " ind2="7">
      <marc:subfield code="a">FC</marc:subfield>
      <marc:subfield code="2">bicssc</marc:subfield>
    </marc:datafield>
    <marc:datafield tag="082" ind1="0" ind2="4">
      <marc:subfield code="a">813/.54</marc:subfield>
      <marc:subfield code="2">23</marc:subfield>
    </marc:datafield>
    <marc:datafield tag="100" ind1="1" ind2=" ">
      <marc:subfield code="a">Feist, Raymond E.</marc:subfield>
      <marc:subfield code="1">http://viaf.org/viaf/19708573</marc:subfield>
      <marc:subfield code="4">aut</marc:subfield>
    </marc:datafield>
    <marc:datafield tag="240" ind1="1" ind2="4">
      <marc:subfield code="a">The Conclave of shadows trilogy</marc:subfield>
      <marc:subfield code="1">http://viaf.org/viaf/177543449</marc:subfield>
    </marc:datafield>
    <marc:datafield tag="245" ind1="1" ind2="4">
      <marc:subfield code="a">The Conclave of shadows trilogy /</marc:subfield>
      <marc:subfield code="c">Raymond E. Feist.</marc:subfield>
    </marc:datafield>
    <marc:datafield tag="264" ind1=" " ind2="1">
      <marc:subfield code="a">London :</marc:subfield>
      <marc:subfield code="b">Harper Voyager,</marc:subfield>
      <marc:subfield code="c">2014.</marc:subfield>
    </marc:datafield>
    <marc:datafield tag="300" ind1=" " ind2=" ">
      <marc:subfield code="a">1 online resource.</marc:subfield>
    </marc:datafield>
    <marc:datafield tag="336" ind1=" " ind2=" ">
      <marc:subfield code="a">text</marc:subfield>
      <marc:subfield code="b">txt</marc:subfield>
      <marc:subfield code="1">http://rdaregistry.info/termList/RDAContentType/1020</marc:subfield>
      <marc:subfield code="2">rdacontent</marc:subfield>
    </marc:datafield>
    <marc:datafield tag="337" ind1=" " ind2=" ">
      <marc:subfield code="a">computer</marc:subfield>
      <marc:subfield code="b">c</marc:subfield>
      <marc:subfield code="1">http://rdaregistry.info/termList/RDAMediaType/1003</marc:subfield>
      <marc:subfield code="2">rdamedia</marc:subfield>
    </marc:datafield>
    <marc:datafield tag="338" ind1=" " ind2=" ">
      <marc:subfield code="a">online resource</marc:subfield>
      <marc:subfield code="b">cr</marc:subfield>
      <marc:subfield code="1">http://rdaregistry.info/termList/RDACarrierType/1018</marc:subfield>
      <marc:subfield code="2">rdacarrier</marc:subfield>
    </marc:datafield>
    <marc:datafield tag="380" ind1=" " ind2=" ">
      <marc:subfield code="a">novel</marc:subfield>
      <marc:subfield code="1">http://id.loc.gov/vocabulary/marcgt/nov</marc:subfield>
      <marc:subfield code="2">marcgt</marc:subfield>
    </marc:datafield>
    <marc:datafield tag="490" ind1="1" ind2=" ">
      <marc:subfield code="a">Conclave of shadows</marc:subfield>
    </marc:datafield>
    <marc:datafield tag="505" ind1="0" ind2=" ">
      <marc:subfield code="a">Talon of the silver hawk - King of foxes - Exile's return.</marc:subfield>
    </marc:datafield>
    <marc:datafield tag="588" ind1="0" ind2=" ">
      <marc:subfield code="a">Online resource; title from READ title page (Overdrive, viewed April 13, 2015).</marc:subfield>
    </marc:datafield>
    <marc:datafield tag="650" ind1=" " ind2="7">
      <marc:subfield code="a">FICTION / Fantasy / Collections &amp; Anthologies</marc:subfield>
      <marc:subfield code="2">bisacsh</marc:subfield>
    </marc:datafield>
    <marc:datafield tag="650" ind1=" " ind2="0">
      <marc:subfield code="a">Midkemia (Imaginary place)</marc:subfield>
      <marc:subfield code="v">Fiction.</marc:subfield>
    </marc:datafield>
    <marc:datafield tag="650" ind1=" " ind2="0">
      <marc:subfield code="a">Orphans</marc:subfield>
      <marc:subfield code="v">Fiction.</marc:subfield>
    </marc:datafield>
    <marc:datafield tag="650" ind1=" " ind2="0">
      <marc:subfield code="a">Soldiers</marc:subfield>
      <marc:subfield code="v">Fiction.</marc:subfield>
    </marc:datafield>
    <marc:datafield tag="650" ind1=" " ind2="0">
      <marc:subfield code="a">Exiles</marc:subfield>
      <marc:subfield code="v">Fiction.</marc:subfield>
    </marc:datafield>
    <marc:datafield tag="650" ind1=" " ind2="7">
      <marc:subfield code="a">Exiles.</marc:subfield>
      <marc:subfield code="2">fast</marc:subfield>
      <marc:subfield code="0">(OCoLC)fst00918139</marc:subfield>
    </marc:datafield>
    <marc:datafield tag="650" ind1=" " ind2="7">
      <marc:subfield code="a">Midkemia (Imaginary place)</marc:subfield>
      <marc:subfield code="2">fast</marc:subfield>
      <marc:subfield code="0">(OCoLC)fst01020588</marc:subfield>
    </marc:datafield>
    <marc:datafield tag="650" ind1=" " ind2="7">
      <marc:subfield code="a">Orphans.</marc:subfield>
      <marc:subfield code="2">fast</marc:subfield>
      <marc:subfield code="0">(OCoLC)fst01048433</marc:subfield>
    </marc:datafield>
    <marc:datafield tag="650" ind1=" " ind2="7">
      <marc:subfield code="a">Soldiers.</marc:subfield>
      <marc:subfield code="2">fast</marc:subfield>
      <marc:subfield code="0">(OCoLC)fst01125233</marc:subfield>
    </marc:datafield>
    <marc:datafield tag="650" ind1=" " ind2="7">
      <marc:subfield code="a">Fiction and related items / Fantasy.</marc:subfield>
      <marc:subfield code="2">bicssc</marc:subfield>
    </marc:datafield>
    <marc:datafield tag="650" ind1=" " ind2="7">
      <marc:subfield code="a">FICTION</marc:subfield>
      <marc:subfield code="x">Fantasy</marc:subfield>
      <marc:subfield code="x">Epic.</marc:subfield>
      <marc:subfield code="2">bisacsh</marc:subfield>
    </marc:datafield>
    <marc:datafield tag="650" ind1=" " ind2="7">
      <marc:subfield code="a">FICTION / Small Town &amp; Rural</marc:subfield>
      <marc:subfield code="2">bisacsh</marc:subfield>
    </marc:datafield>
    <marc:datafield tag="650" ind1=" " ind2="7">
      <marc:subfield code="a">FICTION / Fantasy / Action &amp; Adventure</marc:subfield>
      <marc:subfield code="2">bisacsh</marc:subfield>
    </marc:datafield>
    <marc:datafield tag="650" ind1=" " ind2="7">
      <marc:subfield code="a">FICTION / Anthologies (multiple authors)</marc:subfield>
      <marc:subfield code="2">bisacsh</marc:subfield>
    </marc:datafield>
    <marc:datafield tag="650" ind1=" " ind2="7">
      <marc:subfield code="a">Fiction and related items / Classic fiction (pre c. 1945)</marc:subfield>
      <marc:subfield code="2">bicssc</marc:subfield>
    </marc:datafield>
    <marc:datafield tag="655" ind1=" " ind2="4">
      <marc:subfield code="a">Electronic books.</marc:subfield>
    </marc:datafield>
    <marc:datafield tag="655" ind1=" " ind2="7">
      <marc:subfield code="a">Fiction.</marc:subfield>
      <marc:subfield code="2">fast</marc:subfield>
      <marc:subfield code="0">(OCoLC)fst01423787</marc:subfield>
    </marc:datafield>
    <marc:datafield tag="700" ind1="1" ind2="2">
      <marc:subfield code="a">Feist, Raymond E.</marc:subfield>
      <marc:subfield code="4">aut</marc:subfield>
      <marc:subfield code="i">Has part work</marc:subfield>
      <marc:subfield code="t">Talon of the silver hawk</marc:subfield>
      <marc:subfield code="1">https://www.wikidata.org/wiki/Q2126534</marc:subfield>
      <marc:subfield code="4">http://rdaregistry.info/Elements/w/partWork.en</marc:subfield>
    </marc:datafield>
    <marc:datafield tag="700" ind1="1" ind2="2">
      <marc:subfield code="a">Feist, Raymond E.</marc:subfield>
      <marc:subfield code="4">aut</marc:subfield>
      <marc:subfield code="i">Has part work</marc:subfield>
      <marc:subfield code="t">King of foxes</marc:subfield>
      <marc:subfield code="1">https://www.wikidata.org/wiki/Q2649927</marc:subfield>
      <marc:subfield code="4">http://rdaregistry.info/Elements/w/partWork.en</marc:subfield>
    </marc:datafield>
    <marc:datafield tag="700" ind1="1" ind2="2">
      <marc:subfield code="a">Feist, Raymond E.</marc:subfield>
      <marc:subfield code="4">aut</marc:subfield>
      <marc:subfield code="i">Has part work</marc:subfield>
      <marc:subfield code="t">Exile's return</marc:subfield>
      <marc:subfield code="1">https://www.wikidata.org/wiki/Q3226435</marc:subfield>
      <marc:subfield code="4">http://rdaregistry.info/Elements/w/partWork.en</marc:subfield>
    </marc:datafield>
    <marc:datafield tag="800" ind1="1" ind2=" ">
      <marc:subfield code="a">Feist, Raymond E.</marc:subfield>
      <marc:subfield code="t">Conclave of shadows</marc:subfield>
      <marc:subfield code="1">http://viaf.org/viaf/177543449</marc:subfield>
    </marc:datafield>
    <marc:datafield tag="859" ind1=" " ind2=" ">
      <marc:subfield code="a">ELD</marc:subfield>
      <marc:subfield code="b">ebook</marc:subfield>
    </marc:datafield>
    <marc:datafield tag="889" ind1=" " ind2=" ">
      <marc:subfield code="a">(OCoLC)891751464</marc:subfield>
    </marc:datafield>
  </marc:record>