
  <marc:record>
    <marc:leader>01840aam a22004691i 4500</marc:leader>
    <marc:controlfield tag="001">018901929</marc:controlfield>
    <marc:controlfield tag="003">Uk</marc:controlfield>
    <marc:controlfield tag="005">20180611022902.0</marc:controlfield>
    <marc:controlfield tag="006">m    ||  d |      </marc:controlfield>
    <marc:controlfield tag="007">cr |||||||||||</marc:controlfield>
    <marc:controlfield tag="008">180608s2012    xxk||||eo    |||| ||eng  </marc:controlfield>
    <marc:datafield tag="015" ind1=" " ind2=" ">
      <marc:subfield code="a">GBB8B0917</marc:subfield>
      <marc:subfield code="2">bnb</marc:subfield>
    </marc:datafield>
    <marc:datafield tag="020" ind1=" " ind2=" ">
      <marc:subfield code="a">9780007370184</marc:subfield>
      <marc:subfield code="q">EPUB</marc:subfield>
    </marc:datafield>
    <marc:datafield tag="020" ind1=" " ind2=" ">
      <marc:subfield code="a">0007370180</marc:subfield>
      <marc:subfield code="q">EPUB</marc:subfield>
    </marc:datafield>
    <marc:datafield tag="037" ind1=" " ind2=" ">
      <marc:subfield code="a">uk.co.harpercollins.056882</marc:subfield>
      <marc:subfield code="b">Ingram Content Group</marc:subfield>
    </marc:datafield>
    <marc:datafield tag="040" ind1=" " ind2=" ">
      <marc:subfield code="a">Uk</marc:subfield>
      <marc:subfield code="b">eng</marc:subfield>
      <marc:subfield code="c">Uk</marc:subfield>
    </marc:datafield>
    <marc:datafield tag="042" ind1=" " ind2=" ">
      <marc:subfield code="a">ukblsr</marc:subfield>
    </marc:datafield>
    <marc:datafield tag="072" ind1=" " ind2="7">
      <marc:subfield code="a">FIC</marc:subfield>
      <marc:subfield code="x">009030</marc:subfield>
      <marc:subfield code="2">bisacsh</marc:subfield>
    </marc:datafield>
    <marc:datafield tag="072" ind1=" " ind2="7">
      <marc:subfield code="a">FIC</marc:subfield>
      <marc:subfield code="x">009070</marc:subfield>
      <marc:subfield code="2">bisacsh</marc:subfield>
    </marc:datafield>
    <marc:datafield tag="072" ind1=" " ind2="7">
      <marc:subfield code="a">FIC</marc:subfield>
      <marc:subfield code="x">027000</marc:subfield>
      <marc:subfield code="2">bisacsh</marc:subfield>
    </marc:datafield>
    <marc:datafield tag="072" ind1=" " ind2="7">
      <marc:subfield code="a">FIC</marc:subfield>
      <marc:subfield code="x">009100</marc:subfield>
      <marc:subfield code="2">bisacsh</marc:subfield>
    </marc:datafield>
    <marc:datafield tag="072" ind1=" " ind2="7">
      <marc:subfield code="a">FC</marc:subfield>
      <marc:subfield code="2">bicssc</marc:subfield>
    </marc:datafield>
    <marc:datafield tag="082" ind1="0" ind2="4">
      <marc:subfield code="a">813.54</marc:subfield>
      <marc:subfield code="2">22</marc:subfield>
    </marc:datafield>
    <marc:datafield tag="100" ind1="1" ind2=" ">
      <marc:subfield code="a">Feist, Raymond E.</marc:subfield>
      <marc:subfield code="1">http://viaf.org/viaf/19708573</marc:subfield>
      <marc:subfield code="4">aut</marc:subfield>
    </marc:datafield>
    <marc:datafield tag="240" ind1="1" ind2="2">
      <marc:subfield code="a">A darkness at Sethanon</marc:subfield>
      <marc:subfield code="1">http://viaf.org/viaf/307980113</marc:subfield>
    </marc:datafield>
    <marc:datafield tag="245" ind1="1" ind2="2">
      <marc:subfield code="a">A darkness at Sethanon /</marc:subfield>
      <marc:subfield code="c">Raymond E. Feist.</marc:subfield>
    </marc:datafield>
    <marc:datafield tag="264" ind1=" " ind2="1">
      <marc:subfield code="a">London :</marc:subfield>
      <marc:subfield code="b">HarperVoyager,</marc:subfield>
      <marc:subfield code="c">2012.</marc:subfield>
    </marc:datafield>
    <marc:datafield tag="300" ind1=" " ind2=" ">
      <marc:subfield code="a">1 online resource (480 pages).</marc:subfield>
    </marc:datafield>
    <marc:datafield tag="336" ind1=" " ind2=" ">
      <marc:subfield code="a">text</marc:subfield>
      <marc:subfield code="b">txt</marc:subfield>
      <marc:subfield code="1">http://rdaregistry.info/termList/RDAContentType/1020</marc:subfield>
      <marc:subfield code="2">rdacontent</marc:subfield>
    </marc:datafield>
    <marc:datafield tag="337" ind1=" " ind2=" ">
      <marc:subfield code="a">computer</marc:subfield>
      <marc:subfield code="b">c</marc:subfield>
      <marc:subfield code="1">http://rdaregistry.info/termList/RDAMediaType/1003</marc:subfield>
      <marc:subfield code="2">rdamedia</marc:subfield>
    </marc:datafield>
    <marc:datafield tag="338" ind1=" " ind2=" ">
      <marc:subfield code="a">online resource</marc:subfield>
      <marc:subfield code="b">cr</marc:subfield>
      <marc:subfield code="1">http://rdaregistry.info/termList/RDACarrierType/1018</marc:subfield>
      <marc:subfield code="2">rdacarrier</marc:subfield>
    </marc:datafield>
    <marc:datafield tag="380" ind1=" " ind2=" ">
      <marc:subfield code="a">novel</marc:subfield>
      <marc:subfield code="1">http://id.loc.gov/vocabulary/marcgt/nov</marc:subfield>
      <marc:subfield code="2">marcgt</marc:subfield>
    </marc:datafield>
    <marc:datafield tag="490" ind1="1" ind2=" ">
      <marc:subfield code="a">The Riftwar saga</marc:subfield>
    </marc:datafield>
    <marc:datafield tag="650" ind1=" " ind2="7">
      <marc:subfield code="a">FICTION / Fantasy / Historical</marc:subfield>
      <marc:subfield code="2">bisacsh</marc:subfield>
    </marc:datafield>
    <marc:datafield tag="650" ind1=" " ind2="7">
      <marc:subfield code="a">FICTION / Fantasy / Dark Fantasy</marc:subfield>
      <marc:subfield code="2">bisacsh</marc:subfield>
    </marc:datafield>
    <marc:datafield tag="650" ind1=" " ind2="7">
      <marc:subfield code="a">FICTION / Romance / General</marc:subfield>
      <marc:subfield code="2">bisacsh</marc:subfield>
    </marc:datafield>
    <marc:datafield tag="650" ind1=" " ind2="7">
      <marc:subfield code="a">FICTION / Fantasy / Action &amp; Adventure</marc:subfield>
      <marc:subfield code="2">bisacsh</marc:subfield>
    </marc:datafield>
    <marc:datafield tag="650" ind1=" " ind2="7">
      <marc:subfield code="a">Fiction and related items / Classic fiction (pre c. 1945)</marc:subfield>
      <marc:subfield code="2">bicssc</marc:subfield>
    </marc:datafield>
    <marc:datafield tag="655" ind1=" " ind2="0">
      <marc:subfield code="a">Fantasy fiction.</marc:subfield>
    </marc:datafield>
    <marc:datafield tag="800" ind1="1" ind2=" ">
      <marc:subfield code="a">Feist, Raymond E.</marc:subfield>
      <marc:subfield code="4">aut</marc:subfield>
      <marc:subfield code="t">The Riftwar saga</marc:subfield>
      <marc:subfield code="v">Book 3</marc:subfield>
      <marc:subfield code="1">http://viaf.org/viaf/184222793</marc:subfield>
    </marc:datafield>
    <marc:datafield tag="830" ind1=" " ind2="4">
      <marc:subfield code="a">The Riftwar saga</marc:subfield>
      <marc:subfield code="1">http://viaf.org/viaf/184222793</marc:subfield>
    </marc:datafield>
    <marc:datafield tag="859" ind1=" " ind2=" ">
      <marc:subfield code="a">ELD</marc:subfield>
      <marc:subfield code="b">ebook</marc:subfield>
    </marc:datafield>
  </marc:record>