
  <marc:record>
    <marc:leader>01286cam a2200325Ia 4500</marc:leader>
    <marc:controlfield tag="001">37425228 </marc:controlfield>
    <marc:controlfield tag="003">OCoLC</marc:controlfield>
    <marc:controlfield tag="005">20080401132328.0</marc:controlfield>
    <marc:controlfield tag="008">970806r19971996nyub   e      000 1 eng d</marc:controlfield>
    <marc:datafield tag="020" ind1=" " ind2=" ">
      <marc:subfield code="a">0812551478 (pbk.)</marc:subfield>
    </marc:datafield>
    <marc:datafield tag="020" ind1=" " ind2=" ">
      <marc:subfield code="a">9780812551471 (pbk.)</marc:subfield>
    </marc:datafield>
    <marc:datafield tag="040" ind1=" " ind2=" ">
      <marc:subfield code="a">DPB</marc:subfield>
      <marc:subfield code="c">DPB</marc:subfield>
      <marc:subfield code="d">OCL</marc:subfield>
      <marc:subfield code="d">OCLCQ</marc:subfield>
      <marc:subfield code="d">BAKER</marc:subfield>
      <marc:subfield code="d">BTCTA</marc:subfield>
      <marc:subfield code="d">UtOrBLW</marc:subfield>
    </marc:datafield>
    <marc:datafield tag="050" ind1="0" ind2="0">
      <marc:subfield code="a">PS3557.O5826</marc:subfield>
      <marc:subfield code="b">B57</marc:subfield>
    </marc:datafield>
    <marc:datafield tag="082" ind1="0" ind2="0">
      <marc:subfield code="a">813/.54</marc:subfield>
      <marc:subfield code="2">21</marc:subfield>
    </marc:datafield>
    <marc:datafield tag="091" ind1=" " ind2=" ">
      <marc:subfield code="a">FIC</marc:subfield>
      <marc:subfield code="c">GOODKIND</marc:subfield>
    </marc:datafield>
    <marc:datafield tag="100" ind1="1" ind2=" ">
      <marc:subfield code="a">Goodkind, Terry</marc:subfield>
      <marc:subfield code="1">http://viaf.org/viaf/67399498</marc:subfield>
      <marc:subfield code="4">aut</marc:subfield>
    </marc:datafield>
    <marc:datafield tag="240" ind1="1" ind2="0">
      <marc:subfield code="a">Blood of the fold</marc:subfield>
      <marc:subfield code="1">https://www.wikidata.org/wiki/Q2320226</marc:subfield>
    </marc:datafield>
    <marc:datafield tag="245" ind1="1" ind2="0">
      <marc:subfield code="a">Blood of the fold /</marc:subfield>
      <marc:subfield code="c">Terry Goodkind.</marc:subfield>
    </marc:datafield>
    <marc:datafield tag="250" ind1=" " ind2=" ">
      <marc:subfield code="a">1st mass market ed.</marc:subfield>
    </marc:datafield>
    <marc:datafield tag="260" ind1=" " ind2=" ">
      <marc:subfield code="a">New York :</marc:subfield>
      <marc:subfield code="b">Tor,</marc:subfield>
      <marc:subfield code="c">1997, c1996.</marc:subfield>
    </marc:datafield>
    <marc:datafield tag="300" ind1=" " ind2=" ">
      <marc:subfield code="a">623 p. :</marc:subfield>
      <marc:subfield code="b">map ;</marc:subfield>
      <marc:subfield code="c">18 cm.</marc:subfield>
    </marc:datafield>
    <marc:datafield tag="336" ind1=" " ind2=" ">
      <marc:subfield code="a">text</marc:subfield>
      <marc:subfield code="b">txt</marc:subfield>
      <marc:subfield code="1">http://rdaregistry.info/termList/RDAContentType/1020</marc:subfield>
      <marc:subfield code="2">rdacontent</marc:subfield>
    </marc:datafield>
    <marc:datafield tag="337" ind1=" " ind2=" ">
      <marc:subfield code="a">unmediated</marc:subfield>
      <marc:subfield code="b">n</marc:subfield>
      <marc:subfield code="1">http://rdaregistry.info/termList/RDAMediaType/1007</marc:subfield>
      <marc:subfield code="2">rdamedia</marc:subfield>
    </marc:datafield>
    <marc:datafield tag="338" ind1=" " ind2=" ">
      <marc:subfield code="a">volume</marc:subfield>
      <marc:subfield code="b">nc</marc:subfield>
      <marc:subfield code="1">http://rdaregistry.info/termList/RDACarrierType/1049</marc:subfield>
      <marc:subfield code="2">rdacarrier</marc:subfield>
    </marc:datafield>
    <marc:datafield tag="380" ind1=" " ind2=" ">
      <marc:subfield code="a">novel</marc:subfield>
      <marc:subfield code="1">http://id.loc.gov/vocabulary/marcgt/nov</marc:subfield>
      <marc:subfield code="2">marcgt</marc:subfield>
    </marc:datafield>
    <marc:datafield tag="490" ind1="1" ind2=" ">
      <marc:subfield code="a">Sword of truth</marc:subfield>
      <marc:subfield code="v">bk. 3.</marc:subfield>
    </marc:datafield>
    <marc:datafield tag="500" ind1=" " ind2=" ">
      <marc:subfield code="a">"A Tom Doherty Associates book."</marc:subfield>
    </marc:datafield>
    <marc:datafield tag="650" ind1=" " ind2="0">
      <marc:subfield code="a">Wizards</marc:subfield>
      <marc:subfield code="v">Fiction.</marc:subfield>
    </marc:datafield>
    <marc:datafield tag="655" ind1=" " ind2="7">
      <marc:subfield code="a">Fantasy fiction.</marc:subfield>
    </marc:datafield>
    <marc:datafield tag="800" ind1="1" ind2=" ">
      <marc:subfield code="a">Goodkind, Terry.</marc:subfield>
      <marc:subfield code="t">Sword of truth</marc:subfield>
      <marc:subfield code="v">bk. 3.</marc:subfield>
      <marc:subfield code="1">http://viaf.org/viaf/182760071</marc:subfield>
      <marc:subfield code="4">aut</marc:subfield>
    </marc:datafield>
  </marc:record>