
  <marc:record>
    <marc:leader>02836cim a2200541Ki 4500</marc:leader>
    <marc:controlfield tag="001">1015252214</marc:controlfield>
    <marc:controlfield tag="003">OCoLC</marc:controlfield>
    <marc:controlfield tag="005">20180109083844.0</marc:controlfield>
    <marc:controlfield tag="007">sd fungnnmmneu</marc:controlfield>
    <marc:controlfield tag="008">171212s2018    miunnnne       f  n eng d</marc:controlfield>
    <marc:datafield tag="020" ind1=" " ind2=" ">
      <marc:subfield code="a">9781511360302</marc:subfield>
    </marc:datafield>
    <marc:datafield tag="024" ind1="1" ind2=" ">
      <marc:subfield code="a">9781511360302</marc:subfield>
    </marc:datafield>
    <marc:datafield tag="035" ind1=" " ind2=" ">
      <marc:subfield code="a">(OCoLC)1015252214</marc:subfield>
    </marc:datafield>
    <marc:datafield tag="037" ind1=" " ind2=" ">
      <marc:subfield code="b">Midwest Tape</marc:subfield>
      <marc:subfield code="n">http://www.midwesttapes.com</marc:subfield>
    </marc:datafield>
    <marc:datafield tag="037" ind1=" " ind2=" ">
      <marc:subfield code="a">30c9ue</marc:subfield>
      <marc:subfield code="b">Blackstone Publishing</marc:subfield>
    </marc:datafield>
    <marc:datafield tag="037" ind1=" " ind2=" ">
      <marc:subfield code="a">10c9ue</marc:subfield>
      <marc:subfield code="b">Blackstone Publishing</marc:subfield>
    </marc:datafield>
    <marc:datafield tag="037" ind1=" " ind2=" ">
      <marc:subfield code="a">40c9ue</marc:subfield>
      <marc:subfield code="b">Blackstone Publishing</marc:subfield>
    </marc:datafield>
    <marc:datafield tag="040" ind1=" " ind2=" ">
      <marc:subfield code="a">TEFMT</marc:subfield>
      <marc:subfield code="b">eng</marc:subfield>
      <marc:subfield code="e">rda</marc:subfield>
      <marc:subfield code="c">TEFMT</marc:subfield>
      <marc:subfield code="d">TEF</marc:subfield>
      <marc:subfield code="d">BLACP</marc:subfield>
      <marc:subfield code="d">GK5</marc:subfield>
      <marc:subfield code="d">BLACP</marc:subfield>
    </marc:datafield>
    <marc:datafield tag="049" ind1=" " ind2=" ">
      <marc:subfield code="a">MAIN</marc:subfield>
    </marc:datafield>
    <marc:datafield tag="050" ind1=" " ind2="4">
      <marc:subfield code="a">PS3557.O5826</marc:subfield>
      <marc:subfield code="b">S57 2018ab</marc:subfield>
    </marc:datafield>
    <marc:datafield tag="082" ind1="0" ind2="4">
      <marc:subfield code="a">813.54</marc:subfield>
      <marc:subfield code="2">23</marc:subfield>
    </marc:datafield>
    <marc:datafield tag="091" ind1=" " ind2=" ">
      <marc:subfield code="f">CD</marc:subfield>
      <marc:subfield code="a">FIC</marc:subfield>
      <marc:subfield code="c">GOODKIND</marc:subfield>
    </marc:datafield>
    <marc:datafield tag="100" ind1="1" ind2=" ">
      <marc:subfield code="a">Goodkind, Terry</marc:subfield>
      <marc:subfield code="1">http://viaf.org/viaf/67399498</marc:subfield>
      <marc:subfield code="4">aut</marc:subfield>
    </marc:datafield>
    <marc:datafield tag="240" ind1="1" ind2="0">
      <marc:subfield code="a">Shroud of eternity</marc:subfield>
      <marc:subfield code="1">https://www.wikidata.org/wiki/Q39046253</marc:subfield>
    </marc:datafield>
    <marc:datafield tag="245" ind1="1" ind2="0">
      <marc:subfield code="a">Shroud of eternity :</marc:subfield>
      <marc:subfield code="b">sister of darkness /</marc:subfield>
      <marc:subfield code="c">Terry Goodkind.</marc:subfield>
    </marc:datafield>
    <marc:datafield tag="250" ind1=" " ind2=" ">
      <marc:subfield code="a">Unabridged.</marc:subfield>
    </marc:datafield>
    <marc:datafield tag="264" ind1=" " ind2="1">
      <marc:subfield code="a">Grand Haven, MI :</marc:subfield>
      <marc:subfield code="b">Brilliance Audio,</marc:subfield>
      <marc:subfield code="c">[2018]</marc:subfield>
    </marc:datafield>
    <marc:datafield tag="300" ind1=" " ind2=" ">
      <marc:subfield code="a">15 audio discs (approximately 19 hr., 24 min.) :</marc:subfield>
      <marc:subfield code="b">CD audio, digital ;</marc:subfield>
      <marc:subfield code="c">4 3/4 in.</marc:subfield>
    </marc:datafield>
    <marc:datafield tag="306" ind1=" " ind2=" ">
      <marc:subfield code="a">192400.</marc:subfield>
    </marc:datafield>
    <marc:datafield tag="336" ind1=" " ind2=" ">
      <marc:subfield code="a">spoken word</marc:subfield>
      <marc:subfield code="b">spw</marc:subfield>
      <marc:subfield code="1">http://rdaregistry.info/termList/RDAContentType/1013</marc:subfield>
      <marc:subfield code="2">rdacontent</marc:subfield>
    </marc:datafield>
    <marc:datafield tag="337" ind1=" " ind2=" ">
      <marc:subfield code="a">audio</marc:subfield>
      <marc:subfield code="b">s</marc:subfield>
      <marc:subfield code="1">http://rdaregistry.info/termList/RDAMediaType/1001</marc:subfield>
      <marc:subfield code="2">rdamedia</marc:subfield>
    </marc:datafield>
    <marc:datafield tag="338" ind1=" " ind2=" ">
      <marc:subfield code="a">audio disc</marc:subfield>
      <marc:subfield code="b">sd</marc:subfield>
      <marc:subfield code="1">http://rdaregistry.info/termList/RDACarrierType/1004</marc:subfield>
      <marc:subfield code="2">rdacarrier</marc:subfield>
    </marc:datafield>
    <marc:datafield tag="344" ind1=" " ind2=" ">
      <marc:subfield code="a">digital</marc:subfield>
      <marc:subfield code="b">optical</marc:subfield>
      <marc:subfield code="2">rda.</marc:subfield>
    </marc:datafield>
    <marc:datafield tag="347" ind1=" " ind2=" ">
      <marc:subfield code="a">audio file</marc:subfield>
      <marc:subfield code="b">CD audio</marc:subfield>
      <marc:subfield code="2">rda.</marc:subfield>
    </marc:datafield>
    <marc:datafield tag="380" ind1=" " ind2=" ">
      <marc:subfield code="a">nonmusical sound</marc:subfield>
      <marc:subfield code="1">http://id.loc.gov/vocabulary/marcgt/nos</marc:subfield>
      <marc:subfield code="2">marcgt</marc:subfield>
    </marc:datafield>
    <marc:datafield tag="490" ind1="1" ind2=" ">
      <marc:subfield code="a">Sister of Darkness: The Nicci Chronicles</marc:subfield>
      <marc:subfield code="v">Volume II.</marc:subfield>
    </marc:datafield>
    <marc:datafield tag="500" ind1=" " ind2=" ">
      <marc:subfield code="a">Title from container.</marc:subfield>
    </marc:datafield>
    <marc:datafield tag="511" ind1="0" ind2=" ">
      <marc:subfield code="a">Performed by Christina Traister.</marc:subfield>
    </marc:datafield>
    <marc:datafield tag="500" ind1=" " ind2=" ">
      <marc:subfield code="a">Compact discs.</marc:subfield>
    </marc:datafield>
    <marc:datafield tag="520" ind1=" " ind2=" ">
      <marc:subfield code="a">The formidable sorceress Nicci and her companions, the newly powerless Nathan and the youthful Bannon, set out on another quest after driving ruthless Norukai slavers out of Renda Bay. Their mission: restore Nathan's magic and, for Nicci, save the world. Guided by the witch-woman Red's mysterious prophecy, the trio makes their way south of Kol Adair towards a wondrous city shrouded behind time, Ildakar. But the grotesque omens on their path to Nathan's salvation, severed Norukai heads on pikes, a genetically modified monster, and a petrified army of half a million, are just a taste of the unimaginable horrors that await.</marc:subfield>
    </marc:datafield>
    <marc:datafield tag="650" ind1=" " ind2="0">
      <marc:subfield code="a">Women soldiers</marc:subfield>
      <marc:subfield code="v">Fiction.</marc:subfield>
    </marc:datafield>
    <marc:datafield tag="650" ind1=" " ind2="0">
      <marc:subfield code="a">Magic</marc:subfield>
      <marc:subfield code="v">Fiction.</marc:subfield>
    </marc:datafield>
    <marc:datafield tag="650" ind1=" " ind2="0">
      <marc:subfield code="a">Quests (Expeditions)</marc:subfield>
      <marc:subfield code="v">Fiction.</marc:subfield>
    </marc:datafield>
    <marc:datafield tag="650" ind1=" " ind2="0">
      <marc:subfield code="a">Prophecy</marc:subfield>
      <marc:subfield code="v">Fiction.</marc:subfield>
    </marc:datafield>
    <marc:datafield tag="655" ind1=" " ind2="7">
      <marc:subfield code="a">Fantasy fiction.</marc:subfield>
    </marc:datafield>
    <marc:datafield tag="655" ind1=" " ind2="7">
      <marc:subfield code="a">Audiobooks</marc:subfield>
      <marc:subfield code="1">http://id.loc.gov/authorities/genreForms/gf2011026063</marc:subfield>
      <marc:subfield code="2">lcgft</marc:subfield>
    </marc:datafield>
    <marc:datafield tag="700" ind1="1" ind2=" ">
      <marc:subfield code="a">Traister, Christina,</marc:subfield>
      <marc:subfield code="1">http://viaf.org/viaf/129443101</marc:subfield>
      <marc:subfield code="4">nrt</marc:subfield>
    </marc:datafield>
    <marc:datafield tag="800" ind1="1" ind2=" ">
      <marc:subfield code="a">Goodkind, Terry.</marc:subfield>
      <marc:subfield code="t">Nicci chronicles.</marc:subfield>
      <marc:subfield code="s">Spoken word ;</marc:subfield>
      <marc:subfield code="v">v. 2.</marc:subfield>
      <marc:subfield code="1">http://viaf.org/viaf/4472149619414004010003</marc:subfield>
      <marc:subfield code="4">aut</marc:subfield>
    </marc:datafield>
  </marc:record>