
  <marc:record>
    <marc:leader>02160cim a2200397Ka 4500</marc:leader>
    <marc:controlfield tag="001">57409237 </marc:controlfield>
    <marc:controlfield tag="003">OCoLC</marc:controlfield>
    <marc:controlfield tag="005">20060625114033.0</marc:controlfield>
    <marc:controlfield tag="007">sz usnnnnnzned</marc:controlfield>
    <marc:controlfield tag="007">cr nna        </marc:controlfield>
    <marc:controlfield tag="008">050112s2004    miunnn es      z    eng d</marc:controlfield>
    <marc:datafield tag="037" ind1=" " ind2=" ">
      <marc:subfield code="a">337504DB-336F-4E6D-A1E6-92B35B37E9D8</marc:subfield>
      <marc:subfield code="b">OverDrive, Inc.</marc:subfield>
      <marc:subfield code="n">http://www.overdrive.com</marc:subfield>
    </marc:datafield>
    <marc:datafield tag="040" ind1=" " ind2=" ">
      <marc:subfield code="a">TEFOD</marc:subfield>
      <marc:subfield code="c">TEFOD</marc:subfield>
      <marc:subfield code="d">OCLCQ</marc:subfield>
      <marc:subfield code="d">TEFOD</marc:subfield>
      <marc:subfield code="d">BNY</marc:subfield>
      <marc:subfield code="d">UtOrBLW</marc:subfield>
    </marc:datafield>
    <marc:datafield tag="050" ind1="1" ind2="4">
      <marc:subfield code="a">PS3557.O5826</marc:subfield>
      <marc:subfield code="b">T46 2004ab</marc:subfield>
    </marc:datafield>
    <marc:datafield tag="082" ind1="0" ind2="4">
      <marc:subfield code="a">813/.54</marc:subfield>
      <marc:subfield code="2">22</marc:subfield>
    </marc:datafield>
    <marc:datafield tag="091" ind1=" " ind2=" ">
      <marc:subfield code="a">eNYPL Audio</marc:subfield>
    </marc:datafield>
    <marc:datafield tag="100" ind1="1" ind2=" ">
      <marc:subfield code="a">Goodkind, Terry</marc:subfield>
      <marc:subfield code="1">http://viaf.org/viaf/67399498</marc:subfield>
      <marc:subfield code="4">aut</marc:subfield>
    </marc:datafield>
    <marc:datafield tag="240" ind1="1" ind2="0">
      <marc:subfield code="a">Temple of the winds</marc:subfield>
      <marc:subfield code="h">[electronic resource]</marc:subfield>
      <marc:subfield code="1">http://viaf.org/viaf/941145424657986830526</marc:subfield>
    </marc:datafield>
    <marc:datafield tag="245" ind1="1" ind2="0">
      <marc:subfield code="a">Temple of the winds</marc:subfield>
      <marc:subfield code="h">[electronic resource] /</marc:subfield>
      <marc:subfield code="c">Terry Goodkind, Dick Hill.</marc:subfield>
    </marc:datafield>
    <marc:datafield tag="260" ind1=" " ind2=" ">
      <marc:subfield code="a">[Grand Haven] :</marc:subfield>
      <marc:subfield code="b">Brilliance Audio,</marc:subfield>
      <marc:subfield code="c">2004.</marc:subfield>
    </marc:datafield>
    <marc:datafield tag="336" ind1=" " ind2=" ">
      <marc:subfield code="a">spoken word</marc:subfield>
      <marc:subfield code="b">spw</marc:subfield>
      <marc:subfield code="1">http://rdaregistry.info/termList/RDAContentType/1013</marc:subfield>
      <marc:subfield code="2">rdacontent</marc:subfield>
    </marc:datafield>
    <marc:datafield tag="337" ind1=" " ind2=" ">
      <marc:subfield code="a">computer</marc:subfield>
      <marc:subfield code="b">c</marc:subfield>
      <marc:subfield code="1">http://rdaregistry.info/termList/RDAMediaType/1003</marc:subfield>
      <marc:subfield code="2">rdamedia</marc:subfield>
    </marc:datafield>
    <marc:datafield tag="338" ind1=" " ind2=" ">
      <marc:subfield code="a">online resource</marc:subfield>
      <marc:subfield code="b">cr</marc:subfield>
      <marc:subfield code="1">http://rdaregistry.info/termList/RDACarrierType/1018</marc:subfield>
      <marc:subfield code="2">rdacarrier</marc:subfield>
    </marc:datafield>
    <marc:datafield tag="380" ind1=" " ind2=" ">
      <marc:subfield code="a">nonmusical sound</marc:subfield>
      <marc:subfield code="1">http://id.loc.gov/vocabulary/marcgt/nos</marc:subfield>
      <marc:subfield code="2">marcgt</marc:subfield>
    </marc:datafield>
    <marc:datafield tag="490" ind1="0" ind2=" ">
      <marc:subfield code="a">Sword of truth</marc:subfield>
      <marc:subfield code="v">bk. 4.</marc:subfield>
    </marc:datafield>
    <marc:datafield tag="538" ind1=" " ind2=" ">
      <marc:subfield code="a">Requires OverDrive Media Console (file size: 415151 KB).</marc:subfield>
    </marc:datafield>
    <marc:datafield tag="500" ind1=" " ind2=" ">
      <marc:subfield code="a">Downloadable audio file.</marc:subfield>
    </marc:datafield>
    <marc:datafield tag="500" ind1=" " ind2=" ">
      <marc:subfield code="a">Unabridged.</marc:subfield>
    </marc:datafield>
    <marc:datafield tag="511" ind1="0" ind2=" ">
      <marc:subfield code="a">Read by Dick Hill.</marc:subfield>
    </marc:datafield>
    <marc:datafield tag="520" ind1=" " ind2=" ">
      <marc:subfield code="a">Book four of "The Sword of truth", the series first begun in "Wizard's First Rule", returns listeners to the world of Richard Cypher, a simple woods guide who never dreamed he would be named the Seeker of Truth and become caught up in magic, war, and dangers so extraordinary that the fate of his entire world would hang on his actions and decisions.</marc:subfield>
    </marc:datafield>
    <marc:datafield tag="655" ind1=" " ind2="7">
      <marc:subfield code="a">Audiobooks</marc:subfield>
      <marc:subfield code="1">http://id.loc.gov/authorities/genreForms/gf2011026063</marc:subfield>
      <marc:subfield code="2">lcgft</marc:subfield>
    </marc:datafield>
    <marc:datafield tag="655" ind1=" " ind2="7">
      <marc:subfield code="a">Fantasy fiction.</marc:subfield>
    </marc:datafield>
    <marc:datafield tag="700" ind1="1" ind2=" ">
      <marc:subfield code="a">Hill, Dick.</marc:subfield>
      <marc:subfield code="1">http://viaf.org/viaf/278332062</marc:subfield>
      <marc:subfield code="4">nrt</marc:subfield>
    </marc:datafield>
    <marc:datafield tag="710" ind1="2" ind2=" ">
      <marc:subfield code="a">OverDrive, Inc.</marc:subfield>
      <marc:subfield code="1">http://viaf.org/viaf/127053490</marc:subfield>
    </marc:datafield>
    <marc:datafield tag="830" ind1=" " ind2="0">
      <marc:subfield code="a">Sword of truth</marc:subfield>
      <marc:subfield code="v">bk. 4.</marc:subfield>
      <marc:subfield code="1">http://viaf.org/viaf/182760071</marc:subfield>
    </marc:datafield>
    <marc:datafield tag="856" ind1="4" ind2=" ">
      <marc:subfield code="u">http://ebooks.nypl.org/ContentDetails.htm?ID=337504DB-336F-4E6D-A1E6-92B35B37E9D8</marc:subfield>
      <marc:subfield code="y">Access eNYPL</marc:subfield>
    </marc:datafield>
  </marc:record>