
  <marc:record>
    <marc:leader>02159cim a2200457Ka 4500</marc:leader>
    <marc:controlfield tag="001">261349609 </marc:controlfield>
    <marc:controlfield tag="003">OCoLC</marc:controlfield>
    <marc:controlfield tag="005">20091125133039.0</marc:controlfield>
    <marc:controlfield tag="007">sd fungnnmmneu</marc:controlfield>
    <marc:controlfield tag="008">081009s2008    miunnnne       f  n eng d</marc:controlfield>
    <marc:datafield tag="020" ind1=" " ind2=" ">
      <marc:subfield code="a">9781423377924</marc:subfield>
    </marc:datafield>
    <marc:datafield tag="020" ind1=" " ind2=" ">
      <marc:subfield code="a">1423377923</marc:subfield>
    </marc:datafield>
    <marc:datafield tag="035" ind1=" " ind2=" ">
      <marc:subfield code="a">(OCoLC)261349609</marc:subfield>
    </marc:datafield>
    <marc:datafield tag="037" ind1=" " ind2=" ">
      <marc:subfield code="b">Midwest Tape</marc:subfield>
      <marc:subfield code="n">http://www.midwesttapes.com</marc:subfield>
    </marc:datafield>
    <marc:datafield tag="040" ind1=" " ind2=" ">
      <marc:subfield code="a">TEFMT</marc:subfield>
      <marc:subfield code="c">TEFMT</marc:subfield>
      <marc:subfield code="d">TEF</marc:subfield>
      <marc:subfield code="d">BTCTA</marc:subfield>
      <marc:subfield code="d">GSC</marc:subfield>
    </marc:datafield>
    <marc:datafield tag="049" ind1=" " ind2=" ">
      <marc:subfield code="a">MAIN</marc:subfield>
    </marc:datafield>
    <marc:datafield tag="050" ind1="1" ind2="4">
      <marc:subfield code="a">PS3557.O5826</marc:subfield>
      <marc:subfield code="b">W59 2008ab</marc:subfield>
    </marc:datafield>
    <marc:datafield tag="082" ind1="0" ind2="4">
      <marc:subfield code="a">813/.54</marc:subfield>
      <marc:subfield code="2">22</marc:subfield>
    </marc:datafield>
    <marc:datafield tag="091" ind1=" " ind2=" ">
      <marc:subfield code="f">CD</marc:subfield>
      <marc:subfield code="a">FIC</marc:subfield>
      <marc:subfield code="c">GOODKIND</marc:subfield>
    </marc:datafield>
    <marc:datafield tag="100" ind1="1" ind2=" ">
      <marc:subfield code="a">Goodkind, Terry</marc:subfield>
      <marc:subfield code="1">http://viaf.org/viaf/67399498</marc:subfield>
      <marc:subfield code="4">aut</marc:subfield>
    </marc:datafield>
    <marc:datafield tag="240" ind1="1" ind2="0">
      <marc:subfield code="a">Wizard's first rule</marc:subfield>
      <marc:subfield code="h">[sound recording]</marc:subfield>
      <marc:subfield code="1">http://viaf.org/viaf/460145424521586831230</marc:subfield>
    </marc:datafield>
    <marc:datafield tag="245" ind1="1" ind2="0">
      <marc:subfield code="a">Wizard's first rule</marc:subfield>
      <marc:subfield code="h">[sound recording] /</marc:subfield>
      <marc:subfield code="c">Terry Goodkind.</marc:subfield>
    </marc:datafield>
    <marc:datafield tag="260" ind1=" " ind2=" ">
      <marc:subfield code="a">[Grand Haven, Mich.] :</marc:subfield>
      <marc:subfield code="b">Brilliance Audio,</marc:subfield>
      <marc:subfield code="c">p2008.</marc:subfield>
    </marc:datafield>
    <marc:datafield tag="300" ind1=" " ind2=" ">
      <marc:subfield code="a">28 sound discs (ca. 35 hr.) :</marc:subfield>
      <marc:subfield code="b">digital ;</marc:subfield>
      <marc:subfield code="c">4 3/4 in.</marc:subfield>
    </marc:datafield>
    <marc:datafield tag="336" ind1=" " ind2=" ">
      <marc:subfield code="a">spoken word</marc:subfield>
      <marc:subfield code="b">spw</marc:subfield>
      <marc:subfield code="1">http://rdaregistry.info/termList/RDAContentType/1013</marc:subfield>
      <marc:subfield code="2">rdacontent</marc:subfield>
    </marc:datafield>
    <marc:datafield tag="337" ind1=" " ind2=" ">
      <marc:subfield code="a">audio</marc:subfield>
      <marc:subfield code="b">s</marc:subfield>
      <marc:subfield code="1">http://rdaregistry.info/termList/RDAMediaType/1001</marc:subfield>
      <marc:subfield code="2">rdamedia</marc:subfield>
    </marc:datafield>
    <marc:datafield tag="338" ind1=" " ind2=" ">
      <marc:subfield code="a">audio disc</marc:subfield>
      <marc:subfield code="b">sd</marc:subfield>
      <marc:subfield code="1">http://rdaregistry.info/termList/RDACarrierType/1004</marc:subfield>
      <marc:subfield code="2">rdacarrier</marc:subfield>
    </marc:datafield>
    <marc:datafield tag="380" ind1=" " ind2=" ">
      <marc:subfield code="a">nonmusical sound</marc:subfield>
      <marc:subfield code="1">http://id.loc.gov/vocabulary/marcgt/nos</marc:subfield>
      <marc:subfield code="2">marcgt</marc:subfield>
    </marc:datafield>
    <marc:datafield tag="500" ind1=" " ind2=" ">
      <marc:subfield code="a">Title from publisher's web page.</marc:subfield>
    </marc:datafield>
    <marc:datafield tag="511" ind1="0" ind2=" ">
      <marc:subfield code="a">Read by Sam Tsoutsouvas.</marc:subfield>
    </marc:datafield>
    <marc:datafield tag="500" ind1=" " ind2=" ">
      <marc:subfield code="a">Unabridged.</marc:subfield>
    </marc:datafield>
    <marc:datafield tag="500" ind1=" " ind2=" ">
      <marc:subfield code="a">Compact discs.</marc:subfield>
    </marc:datafield>
    <marc:datafield tag="500" ind1=" " ind2=" ">
      <marc:subfield code="a">Duration: 35:00:00.</marc:subfield>
    </marc:datafield>
    <marc:datafield tag="520" ind1=" " ind2=" ">
      <marc:subfield code="a">The peaceful land of Westland has long been protected by an eastern barrier. That barrier, however, is about to falter, unleashing a diatribe of evil. It's up to a humble young man, a mysterious woman, and a crotchety old hermit to protect their tranquil way of life.</marc:subfield>
    </marc:datafield>
    <marc:datafield tag="508" ind1=" " ind2=" ">
      <marc:subfield code="a">Director, Lisa Cahn ; post-production engineer, Justin VanHaven.</marc:subfield>
    </marc:datafield>
    <marc:datafield tag="650" ind1=" " ind2="0">
      <marc:subfield code="a">Rahl, Richard (Fictitious character)</marc:subfield>
      <marc:subfield code="v">Fiction.</marc:subfield>
    </marc:datafield>
    <marc:datafield tag="650" ind1=" " ind2="0">
      <marc:subfield code="a">Wizards</marc:subfield>
      <marc:subfield code="v">Fiction.</marc:subfield>
    </marc:datafield>
    <marc:datafield tag="655" ind1=" " ind2="7">
      <marc:subfield code="a">Fantasy fiction.</marc:subfield>
    </marc:datafield>
    <marc:datafield tag="655" ind1=" " ind2="0">
      <marc:subfield code="a">Audiobooks</marc:subfield>
      <marc:subfield code="1">http://id.loc.gov/authorities/genreForms/gf2011026063</marc:subfield>
      <marc:subfield code="2">lcgft</marc:subfield>
    </marc:datafield>
    <marc:datafield tag="700" ind1="1" ind2=" ">
      <marc:subfield code="a">Tsoutsouvas, Sam.</marc:subfield>
      <marc:subfield code="1">http://viaf.org/viaf/63614576</marc:subfield>
      <marc:subfield code="4">nrt</marc:subfield>
    </marc:datafield>
    <marc:datafield tag="800" ind1="1" ind2=" ">
      <marc:subfield code="a">Goodkind, Terry.</marc:subfield>
      <marc:subfield code="t">Sword of truth</marc:subfield>
      <marc:subfield code="1">http://viaf.org/viaf/182760071</marc:subfield>
      <marc:subfield code="4">aut</marc:subfield>
    </marc:datafield>
  </marc:record>