
  <marc:record>
    <marc:leader>01656cam a2200421 i 4500</marc:leader>
    <marc:controlfield tag="001">erc0000632409</marc:controlfield>
    <marc:controlfield tag="003">TLC</marc:controlfield>
    <marc:controlfield tag="005">20180129193646.0</marc:controlfield>
    <marc:controlfield tag="006">m        d        </marc:controlfield>
    <marc:controlfield tag="007">cr unu||||||||</marc:controlfield>
    <marc:controlfield tag="008">180129s2001    enka   eo     000 1 eng d</marc:controlfield>
    <marc:datafield tag="020" ind1=" " ind2=" ">
      <marc:subfield code="a">9781250302038</marc:subfield>
      <marc:subfield code="q">(electronic bk.)</marc:subfield>
    </marc:datafield>
    <marc:datafield tag="037" ind1=" " ind2=" ">
      <marc:subfield code="a">qn8zvz9</marc:subfield>
      <marc:subfield code="b">cloudLibrary</marc:subfield>
      <marc:subfield code="n">http://yourcloudlibrary.com</marc:subfield>
    </marc:datafield>
    <marc:datafield tag="037" ind1=" " ind2=" ">
      <marc:subfield code="a">qn8zvz9</marc:subfield>
      <marc:subfield code="b">3M</marc:subfield>
    </marc:datafield>
    <marc:datafield tag="040" ind1=" " ind2=" ">
      <marc:subfield code="a">TLC</marc:subfield>
      <marc:subfield code="c">TLC</marc:subfield>
      <marc:subfield code="d">TLC</marc:subfield>
      <marc:subfield code="e">rda</marc:subfield>
    </marc:datafield>
    <marc:datafield tag="050" ind1="0" ind2="0">
      <marc:subfield code="a">PS3557.O5826</marc:subfield>
      <marc:subfield code="b">D43 2001</marc:subfield>
    </marc:datafield>
    <marc:datafield tag="082" ind1="0" ind2="0">
      <marc:subfield code="a">813/.54</marc:subfield>
      <marc:subfield code="2">21</marc:subfield>
    </marc:datafield>
    <marc:datafield tag="091" ind1=" " ind2=" ">
      <marc:subfield code="a">eNYPL Book</marc:subfield>
    </marc:datafield>
    <marc:datafield tag="100" ind1="1" ind2=" ">
      <marc:subfield code="a">Goodkind, Terry</marc:subfield>
      <marc:subfield code="1">http://viaf.org/viaf/67399498</marc:subfield>
      <marc:subfield code="4">aut</marc:subfield>
    </marc:datafield>
    <marc:datafield tag="240" ind1="1" ind2="0">
      <marc:subfield code="a">Debt of bones</marc:subfield>
      <marc:subfield code="1">http://viaf.org/viaf/5139151172703239210009</marc:subfield>
    </marc:datafield>
    <marc:datafield tag="245" ind1="1" ind2="0">
      <marc:subfield code="a">Debt of bones /</marc:subfield>
      <marc:subfield code="c">Terry Goodkind.</marc:subfield>
    </marc:datafield>
    <marc:datafield tag="264" ind1=" " ind2="1">
      <marc:subfield code="a">London :</marc:subfield>
      <marc:subfield code="b">Gollancz,</marc:subfield>
      <marc:subfield code="c">2001.</marc:subfield>
    </marc:datafield>
    <marc:datafield tag="264" ind1=" " ind2="2">
      <marc:subfield code="a">New York :</marc:subfield>
      <marc:subfield code="b">U.S. by Sterling Pub. Co.</marc:subfield>
    </marc:datafield>
    <marc:datafield tag="300" ind1=" " ind2=" ">
      <marc:subfield code="a">1 online resource.</marc:subfield>
    </marc:datafield>
    <marc:datafield tag="336" ind1=" " ind2=" ">
      <marc:subfield code="a">text</marc:subfield>
      <marc:subfield code="b">txt</marc:subfield>
      <marc:subfield code="1">http://rdaregistry.info/termList/RDAContentType/1020</marc:subfield>
      <marc:subfield code="2">rdacontent</marc:subfield>
    </marc:datafield>
    <marc:datafield tag="337" ind1=" " ind2=" ">
      <marc:subfield code="a">computer</marc:subfield>
      <marc:subfield code="b">c</marc:subfield>
      <marc:subfield code="1">http://rdaregistry.info/termList/RDAMediaType/1003</marc:subfield>
      <marc:subfield code="2">rdamedia</marc:subfield>
    </marc:datafield>
    <marc:datafield tag="338" ind1=" " ind2=" ">
      <marc:subfield code="a">online resource</marc:subfield>
      <marc:subfield code="b">cr</marc:subfield>
      <marc:subfield code="1">http://rdaregistry.info/termList/RDACarrierType/1018</marc:subfield>
      <marc:subfield code="2">rdacarrier</marc:subfield>
    </marc:datafield>
    <marc:datafield tag="347" ind1=" " ind2=" ">
      <marc:subfield code="a">text file</marc:subfield>
      <marc:subfield code="2">rda.</marc:subfield>
    </marc:datafield>
    <marc:datafield tag="380" ind1=" " ind2=" ">
      <marc:subfield code="1">http://id.loc.gov/vocabulary/marcgt/nov</marc:subfield>
      <marc:subfield code="2">marcgt</marc:subfield>
    </marc:datafield>
    <marc:datafield tag="380" ind1=" " ind2=" ">
      <marc:subfield code="a">eBook</marc:subfield>
      <marc:subfield code="2">tlcgt.</marc:subfield>
    </marc:datafield>
    <marc:datafield tag="385" ind1=" " ind2=" ">
      <marc:subfield code="a">General</marc:subfield>
      <marc:subfield code="2">tlctarget.</marc:subfield>
    </marc:datafield>
    <marc:datafield tag="500" ind1=" " ind2=" ">
      <marc:subfield code="a">Electronic book.</marc:subfield>
    </marc:datafield>
    <marc:datafield tag="533" ind1=" " ind2=" ">
      <marc:subfield code="a">Electronic reproduction.</marc:subfield>
      <marc:subfield code="b">[S.l.]</marc:subfield>
      <marc:subfield code="c">Tom Doherty Associates</marc:subfield>
      <marc:subfield code="d">2018</marc:subfield>
      <marc:subfield code="n">Available via World Wide Web.</marc:subfield>
    </marc:datafield>
    <marc:datafield tag="650" ind1=" " ind2="0">
      <marc:subfield code="a">Rahl, Richard (Fictitious character)</marc:subfield>
      <marc:subfield code="v">Fiction.</marc:subfield>
    </marc:datafield>
    <marc:datafield tag="655" ind1=" " ind2="7">
      <marc:subfield code="a">Fantasy fiction.</marc:subfield>
    </marc:datafield>
    <marc:datafield tag="655" ind1=" " ind2="0">
      <marc:subfield code="a">Electronic books.</marc:subfield>
    </marc:datafield>
    <marc:datafield tag="710" ind1="2" ind2=" ">
      <marc:subfield code="a">Bibliotheca (Firm)</marc:subfield>
    </marc:datafield>
    <marc:datafield tag="856" ind1="4" ind2="0">
      <marc:subfield code="z">Access eNYPL</marc:subfield>
      <marc:subfield code="u">https://ebook.yourcloudlibrary.com/library/nypl-document_id-qn8zvz9</marc:subfield>
    </marc:datafield>
  </marc:record>