
  <marc:record>
    <marc:leader>01224nam a2200301 i 4500</marc:leader>
    <marc:controlfield tag="001">018678110</marc:controlfield>
    <marc:controlfield tag="003">Uk</marc:controlfield>
    <marc:controlfield tag="005">20180113084718.0</marc:controlfield>
    <marc:controlfield tag="008">180113r19951986enk    ed     0|0 1|eng  </marc:controlfield>
    <marc:datafield tag="020" ind1=" " ind2=" ">
      <marc:subfield code="a">1856953696</marc:subfield>
      <marc:subfield code="q">hb</marc:subfield>
    </marc:datafield>
    <marc:datafield tag="020" ind1=" " ind2=" ">
      <marc:subfield code="a">1856953998</marc:subfield>
      <marc:subfield code="q">pb</marc:subfield>
    </marc:datafield>
    <marc:datafield tag="040" ind1=" " ind2=" ">
      <marc:subfield code="a">Uk</marc:subfield>
      <marc:subfield code="b">eng</marc:subfield>
      <marc:subfield code="c">Uk</marc:subfield>
      <marc:subfield code="e">rda</marc:subfield>
    </marc:datafield>
    <marc:datafield tag="042" ind1=" " ind2=" ">
      <marc:subfield code="a">ukblsr</marc:subfield>
    </marc:datafield>
    <marc:datafield tag="082" ind1="0" ind2="4">
      <marc:subfield code="a">823.914</marc:subfield>
      <marc:subfield code="2">23</marc:subfield>
    </marc:datafield>
    <marc:datafield tag="100" ind1="1" ind2=" ">
      <marc:subfield code="a">Pratchett, Terry</marc:subfield>
      <marc:subfield code="1">http://viaf.org/viaf/76382712</marc:subfield>
      <marc:subfield code="4">aut</marc:subfield>
    </marc:datafield>
    <marc:datafield tag="240" ind1="1" ind2="0">
      <marc:subfield code="a">Light fantastic</marc:subfield>
      <marc:subfield code="1">http://viaf.org/viaf/832145424587286830826</marc:subfield>
    </marc:datafield>
    <marc:datafield tag="245" ind1="1" ind2="4">
      <marc:subfield code="a">The light fantastic /</marc:subfield>
      <marc:subfield code="c">Terry Pratchett.</marc:subfield>
    </marc:datafield>
    <marc:datafield tag="250" ind1=" " ind2=" ">
      <marc:subfield code="a">[Large print edition].</marc:subfield>
    </marc:datafield>
    <marc:datafield tag="264" ind1=" " ind2="1">
      <marc:subfield code="a">Oxford, England :</marc:subfield>
      <marc:subfield code="b">ISIS Large Print,</marc:subfield>
      <marc:subfield code="c">1995.</marc:subfield>
    </marc:datafield>
    <marc:datafield tag="264" ind1=" " ind2="4">
      <marc:subfield code="c">©1986</marc:subfield>
    </marc:datafield>
    <marc:datafield tag="300" ind1=" " ind2=" ">
      <marc:subfield code="a">274 pages (large print) ;</marc:subfield>
      <marc:subfield code="c">24 cm</marc:subfield>
    </marc:datafield>
    <marc:datafield tag="336" ind1=" " ind2=" ">
      <marc:subfield code="a">text</marc:subfield>
      <marc:subfield code="b">txt</marc:subfield>
      <marc:subfield code="1">http://rdaregistry.info/termList/RDAContentType/1020</marc:subfield>
      <marc:subfield code="2">rdacontent</marc:subfield>
    </marc:datafield>
    <marc:datafield tag="337" ind1=" " ind2=" ">
      <marc:subfield code="a">unmediated</marc:subfield>
      <marc:subfield code="b">n</marc:subfield>
      <marc:subfield code="1">http://rdaregistry.info/termList/RDAMediaType/1007</marc:subfield>
      <marc:subfield code="2">rdamedia</marc:subfield>
    </marc:datafield>
    <marc:datafield tag="338" ind1=" " ind2=" ">
      <marc:subfield code="a">volume</marc:subfield>
      <marc:subfield code="b">nc</marc:subfield>
      <marc:subfield code="1">http://rdaregistry.info/termList/RDACarrierType/1049</marc:subfield>
      <marc:subfield code="2">rdacarrier</marc:subfield>
    </marc:datafield>
    <marc:datafield tag="380" ind1=" " ind2=" ">
      <marc:subfield code="a">Novel</marc:subfield>
      <marc:subfield code="h">ttp://id.loc.gov/vocabulary/marcgt/nov</marc:subfield>
      <marc:subfield code="2">marcgt</marc:subfield>
    </marc:datafield>
    <marc:datafield tag="500" ind1=" " ind2=" ">
      <marc:subfield code="a">Standard print edition originally published: Gerrards Cross : Smythe, 1986.</marc:subfield>
    </marc:datafield>
    <marc:datafield tag="650" ind1=" " ind2="0">
      <marc:subfield code="a">Large type books.</marc:subfield>
    </marc:datafield>
    <marc:datafield tag="800" ind1="1" ind2=" ">
      <marc:subfield code="a">Pratchett, Terry</marc:subfield>
      <marc:subfield code="t">Discworld series</marc:subfield>
      <marc:subfield code="1">http://viaf.org/viaf/178287659</marc:subfield>
      <marc:subfield code="4">aut</marc:subfield>
    </marc:datafield>
  </marc:record>