
  <marc:record>
    <marc:leader>01750aam a22004451a 4500</marc:leader>
    <marc:controlfield tag="001">018522722</marc:controlfield>
    <marc:controlfield tag="003">Uk</marc:controlfield>
    <marc:controlfield tag="005">20170922024921.0</marc:controlfield>
    <marc:controlfield tag="006">m    ||  d |      </marc:controlfield>
    <marc:controlfield tag="007">cr |||||||||||</marc:controlfield>
    <marc:controlfield tag="008">110505s2009    xxu    eo     000 1 eng d</marc:controlfield>
    <marc:datafield tag="015" ind1=" " ind2=" ">
      <marc:subfield code="a">GBB7H8729</marc:subfield>
      <marc:subfield code="2">bnb</marc:subfield>
    </marc:datafield>
    <marc:datafield tag="020" ind1=" " ind2=" ">
      <marc:subfield code="a">9781407034508</marc:subfield>
      <marc:subfield code="q">(electronic bk.)</marc:subfield>
    </marc:datafield>
    <marc:datafield tag="020" ind1=" " ind2=" ">
      <marc:subfield code="a">1407034502</marc:subfield>
      <marc:subfield code="q">(electronic bk.)</marc:subfield>
    </marc:datafield>
    <marc:datafield tag="020" ind1=" " ind2=" ">
      <marc:subfield code="z">9780552131063</marc:subfield>
    </marc:datafield>
    <marc:datafield tag="020" ind1=" " ind2=" ">
      <marc:subfield code="z">0552131067</marc:subfield>
    </marc:datafield>
    <marc:datafield tag="037" ind1=" " ind2=" ">
      <marc:subfield code="a">TheRandomHouseGroup132819</marc:subfield>
      <marc:subfield code="b">Ingram Content Group</marc:subfield>
    </marc:datafield>
    <marc:datafield tag="040" ind1=" " ind2=" ">
      <marc:subfield code="a">TEFOD</marc:subfield>
      <marc:subfield code="b">eng</marc:subfield>
      <marc:subfield code="c">TEFOD</marc:subfield>
      <marc:subfield code="d">OCLCQ</marc:subfield>
      <marc:subfield code="d">OCLCF</marc:subfield>
      <marc:subfield code="d">TOH</marc:subfield>
      <marc:subfield code="d">OCLCO</marc:subfield>
      <marc:subfield code="d">OCLCQ</marc:subfield>
      <marc:subfield code="d">TEFOD</marc:subfield>
      <marc:subfield code="d">VP@</marc:subfield>
      <marc:subfield code="d">OCLCQ</marc:subfield>
      <marc:subfield code="d">Uk</marc:subfield>
    </marc:datafield>
    <marc:datafield tag="042" ind1=" " ind2=" ">
      <marc:subfield code="a">ukblsr</marc:subfield>
    </marc:datafield>
    <marc:datafield tag="050" ind1=" " ind2="4">
      <marc:subfield code="a">PR6066.R34</marc:subfield>
      <marc:subfield code="b">M67 2009eb</marc:subfield>
    </marc:datafield>
    <marc:datafield tag="082" ind1="0" ind2="4">
      <marc:subfield code="a">823.914</marc:subfield>
      <marc:subfield code="2">22</marc:subfield>
    </marc:datafield>
    <marc:datafield tag="100" ind1="1" ind2=" ">
      <marc:subfield code="a">Pratchett, Terry</marc:subfield>
      <marc:subfield code="1">http://viaf.org/viaf/76382712</marc:subfield>
      <marc:subfield code="4">aut</marc:subfield>
    </marc:datafield>
    <marc:datafield tag="240" ind1="1" ind2="0">
      <marc:subfield code="a">Mort</marc:subfield>
      <marc:subfield code="1">http://viaf.org/viaf/207939302</marc:subfield>
    </marc:datafield>
    <marc:datafield tag="245" ind1="1" ind2="0">
      <marc:subfield code="a">Mort /</marc:subfield>
      <marc:subfield code="c">Terry Pratchett.</marc:subfield>
    </marc:datafield>
    <marc:datafield tag="260" ind1=" " ind2=" ">
      <marc:subfield code="a">[Place of publication not identified] :</marc:subfield>
      <marc:subfield code="b">Transworld,</marc:subfield>
      <marc:subfield code="c">2009.</marc:subfield>
    </marc:datafield>
    <marc:datafield tag="300" ind1=" " ind2=" ">
      <marc:subfield code="a">1 online resource.</marc:subfield>
    </marc:datafield>
    <marc:datafield tag="336" ind1=" " ind2=" ">
      <marc:subfield code="a">text</marc:subfield>
      <marc:subfield code="b">txt</marc:subfield>
      <marc:subfield code="1">http://rdaregistry.info/termList/RDAContentType/1020</marc:subfield>
      <marc:subfield code="2">rdacontent</marc:subfield>
    </marc:datafield>
    <marc:datafield tag="337" ind1=" " ind2=" ">
      <marc:subfield code="a">computer</marc:subfield>
      <marc:subfield code="b">c</marc:subfield>
      <marc:subfield code="1">http://rdaregistry.info/termList/RDAMediaType/1003</marc:subfield>
      <marc:subfield code="2">rdamedia</marc:subfield>
    </marc:datafield>
    <marc:datafield tag="338" ind1=" " ind2=" ">
      <marc:subfield code="a">online resource</marc:subfield>
      <marc:subfield code="b">cr</marc:subfield>
      <marc:subfield code="1">http://rdaregistry.info/termList/RDACarrierType/1018</marc:subfield>
      <marc:subfield code="2">rdacarrier</marc:subfield>
    </marc:datafield>
    <marc:datafield tag="380" ind1=" " ind2=" ">
      <marc:subfield code="a">Novel</marc:subfield>
      <marc:subfield code="h">ttp://id.loc.gov/vocabulary/marcgt/nov</marc:subfield>
      <marc:subfield code="2">marcgt</marc:subfield>
    </marc:datafield>
    <marc:datafield tag="490" ind1="1" ind2=" ">
      <marc:subfield code="a">Discworld</marc:subfield>
    </marc:datafield>
    <marc:datafield tag="650" ind1=" " ind2="7">
      <marc:subfield code="a">FICTION / General</marc:subfield>
      <marc:subfield code="2">bisacsh</marc:subfield>
    </marc:datafield>
    <marc:datafield tag="650" ind1=" " ind2="0">
      <marc:subfield code="a">Discworld (Imaginary place)</marc:subfield>
      <marc:subfield code="v">Fiction.</marc:subfield>
    </marc:datafield>
    <marc:datafield tag="650" ind1=" " ind2="7">
      <marc:subfield code="a">Discworld (Imaginary place)</marc:subfield>
      <marc:subfield code="2">fast</marc:subfield>
      <marc:subfield code="0">(OCoLC)fst00895151</marc:subfield>
    </marc:datafield>
    <marc:datafield tag="650" ind1=" " ind2="7">
      <marc:subfield code="a">Modern &amp; contemporary fiction (post c 1945)</marc:subfield>
      <marc:subfield code="2">bicssc</marc:subfield>
    </marc:datafield>
    <marc:datafield tag="655" ind1=" " ind2="4">
      <marc:subfield code="a">Fantasy fiction.</marc:subfield>
    </marc:datafield>
    <marc:datafield tag="655" ind1=" " ind2="4">
      <marc:subfield code="a">Electronic books.</marc:subfield>
    </marc:datafield>
    <marc:datafield tag="655" ind1=" " ind2="7">
      <marc:subfield code="a">Fiction.</marc:subfield>
      <marc:subfield code="2">fast</marc:subfield>
      <marc:subfield code="0">(OCoLC)fst01423787</marc:subfield>
    </marc:datafield>
    <marc:datafield tag="800" ind1="1" ind2=" ">
      <marc:subfield code="a">Pratchett, Terry</marc:subfield>
      <marc:subfield code="4">aut</marc:subfield>
      <marc:subfield code="t">Discworld series</marc:subfield>
      <marc:subfield code="1">http://viaf.org/viaf/178287659</marc:subfield>
    </marc:datafield>
    <marc:datafield tag="859" ind1=" " ind2=" ">
      <marc:subfield code="a">ELD</marc:subfield>
      <marc:subfield code="b">ebook</marc:subfield>
    </marc:datafield>
  </marc:record>