
  <marc:record>
    <marc:leader>03774cam a2200409 i 4500</marc:leader>
    <marc:controlfield tag="001">  2014005261</marc:controlfield>
    <marc:controlfield tag="003">DLC</marc:controlfield>
    <marc:controlfield tag="005">20140628090230.0</marc:controlfield>
    <marc:controlfield tag="008">140311s2014    nyub   j      000 1 eng  </marc:controlfield>
    <marc:datafield tag="010" ind1=" " ind2=" ">
      <marc:subfield code="a">  2014005261</marc:subfield>
    </marc:datafield>
    <marc:datafield tag="020" ind1=" " ind2=" ">
      <marc:subfield code="a">9780345533098</marc:subfield>
    </marc:datafield>
    <marc:datafield tag="020" ind1=" " ind2=" ">
      <marc:subfield code="a">0345533097</marc:subfield>
    </marc:datafield>
    <marc:datafield tag="040" ind1=" " ind2=" ">
      <marc:subfield code="a">DLC</marc:subfield>
      <marc:subfield code="b">eng</marc:subfield>
      <marc:subfield code="c">DLC</marc:subfield>
      <marc:subfield code="e">rda</marc:subfield>
      <marc:subfield code="d">DLC</marc:subfield>
    </marc:datafield>
    <marc:datafield tag="042" ind1=" " ind2=" ">
      <marc:subfield code="a">pcc</marc:subfield>
    </marc:datafield>
    <marc:datafield tag="050" ind1="0" ind2="0">
      <marc:subfield code="a">PS3563.O557</marc:subfield>
      <marc:subfield code="b">C76 2014</marc:subfield>
    </marc:datafield>
    <marc:datafield tag="082" ind1="0" ind2="0">
      <marc:subfield code="a">813/.54</marc:subfield>
      <marc:subfield code="2">23</marc:subfield>
    </marc:datafield>
    <marc:datafield tag="084" ind1=" " ind2=" ">
      <marc:subfield code="a">FIC009020</marc:subfield>
      <marc:subfield code="a">FIC028010</marc:subfield>
      <marc:subfield code="a">FIC002000</marc:subfield>
      <marc:subfield code="2">bisacsh</marc:subfield>
    </marc:datafield>
    <marc:datafield tag="091" ind1=" " ind2=" ">
      <marc:subfield code="a">FIC</marc:subfield>
      <marc:subfield code="c">M</marc:subfield>
    </marc:datafield>
    <marc:datafield tag="100" ind1="1" ind2=" ">
      <marc:subfield code="a">Moon, Elizabeth</marc:subfield>
      <marc:subfield code="d">1945-</marc:subfield>
      <marc:subfield code="4">aut</marc:subfield>
      <marc:subfield code="1">http://viaf.org/viaf/100880163</marc:subfield>
    </marc:datafield>
    <marc:datafield tag="240" ind1="1" ind2="0">
      <marc:subfield code="a">Crown of renewal</marc:subfield>
      <marc:subfield code="1">http://worldcat.org/entity/work/id/1782798698</marc:subfield>
    </marc:datafield>
    <marc:datafield tag="245" ind1="1" ind2="0">
      <marc:subfield code="a">Crown of renewal /</marc:subfield>
      <marc:subfield code="c">Elizabeth Moon.</marc:subfield>
    </marc:datafield>
    <marc:datafield tag="250" ind1=" " ind2=" ">
      <marc:subfield code="a">First Edition.</marc:subfield>
    </marc:datafield>
    <marc:datafield tag="264" ind1=" " ind2="1">
      <marc:subfield code="a">New York :</marc:subfield>
      <marc:subfield code="b">Del Rey,</marc:subfield>
      <marc:subfield code="c">[2014]</marc:subfield>
    </marc:datafield>
    <marc:datafield tag="300" ind1=" " ind2=" ">
      <marc:subfield code="a">xiv, 503 pages :</marc:subfield>
      <marc:subfield code="b">map ;</marc:subfield>
      <marc:subfield code="c">25 cm.</marc:subfield>
    </marc:datafield>
    <marc:datafield tag="336" ind1=" " ind2=" ">
      <marc:subfield code="a">text</marc:subfield>
      <marc:subfield code="0">http://rdaregistry.info/termList/RDAContentType/1020</marc:subfield>
      <marc:subfield code="2">rdacontent</marc:subfield>
    </marc:datafield>
    <marc:datafield tag="337" ind1=" " ind2=" ">
      <marc:subfield code="a">unmediated</marc:subfield>
      <marc:subfield code="0">http://rdaregistry.info/termList/RDAMediaType/1007</marc:subfield>
      <marc:subfield code="2">rdamedia</marc:subfield>
    </marc:datafield>
    <marc:datafield tag="338" ind1=" " ind2=" ">
      <marc:subfield code="a">volume</marc:subfield>
      <marc:subfield code="0">http://rdaregistry.info/termList/RDACarrierType/1001</marc:subfield>
      <marc:subfield code="2">rdacarrier</marc:subfield>
    </marc:datafield>
    <marc:datafield tag="380" ind1=" " ind2=" ">
      <marc:subfield code="a">novel</marc:subfield>
      <marc:subfield code="2">marcgt</marc:subfield>
      <marc:subfield code="1">http://id.loc.gov/vocabulary/marcgt/nov</marc:subfield>
    </marc:datafield>
    <marc:datafield tag="490" ind1="0" ind2=" ">
      <marc:subfield code="a">Paladin's Legacy.</marc:subfield>
    </marc:datafield>
    <marc:datafield tag="520" ind1=" " ind2=" ">
      <marc:subfield code="a">"Acclaimed author Elizabeth Moon spins gripping, richly imagined epic fantasy novels that have earned comparisons to the work of such authors as Robin Hobb and Lois McMaster Bujold. In this volume, Moon's brilliant masterwork reaches its triumphant conclusion.  The mysterious reappearance of magery throughout the land has been met with suspicion, fear, and violence. In the kingdom of Lyonya, Kieri, the half-elven, half-human king, struggles to balance the competing demands of his heritage while fighting a deadly threat to his rule: evil elves linked in some way to the rebirth of magic.  Meanwhile, in the neighboring kingdom of Tsaia, a set of ancient artifacts recovered by the former mercenary Dorrin Verrakai may hold the answer to the riddle of magery's return. Thus Dorrin embarks on a dangerous quest to return these relics of a bygone age to their all-but-mythical place of origin. What she encounters there will change her in unimaginable ways--and spell doom or salvation for the entire world.  Praise for Elizabeth Moon     Limits of Power     "Thoughtful and deeply character driven, full of personal crises as heartbreaking and hopeful as any dramatic invasion. Fantasy fans will be delighted by this impressive foray."--Publishers Weekly (starred review)     Echoes of Betrayal     "This is an excellent series, and Echoes of Betrayal is particularly well done. [Moon is a] consistently entertaining writer, and this book lives up to her standards."--San Jose Mercury News     "Rousing action and intriguing plot twists."--Kirkus Reviews     Kings of the North     "Moon's characters navigate an intricate maze of alliances and rivalries. Close attention to military detail gives the action convincing intensity."--The Star-Ledger     "Her storytelling is as electrifying as ever, and her readers should be delighted with this new vista of a well-known world."--Booklist"--</marc:subfield>
      <marc:subfield code="c">Provided by publisher.</marc:subfield>
    </marc:datafield>
    <marc:datafield tag="520" ind1=" " ind2=" ">
      <marc:subfield code="a">"Disparate threads come together in the concluding volume of Elizabeth Moon's epic fantasy tale, as ancient mages are awakened, ancient evils are defeated, and ancient secrets are revealed. But none of this comes without a high personal cost, as both kindgoms and characters are changed forever in the wake of their trials...and not always for the better"--</marc:subfield>
      <marc:subfield code="c">Provided by publisher.</marc:subfield>
    </marc:datafield>
    <marc:datafield tag="650" ind1=" " ind2="7">
      <marc:subfield code="a">FICTION / Fantasy / Epic.</marc:subfield>
      <marc:subfield code="2">bisacsh.</marc:subfield>
    </marc:datafield>
    <marc:datafield tag="650" ind1=" " ind2="7">
      <marc:subfield code="a">FICTION / Science Fiction / Adventure.</marc:subfield>
      <marc:subfield code="2">bisacsh.</marc:subfield>
    </marc:datafield>
    <marc:datafield tag="650" ind1=" " ind2="7">
      <marc:subfield code="a">FICTION / Action &amp; Adventure.</marc:subfield>
      <marc:subfield code="2">bisacsh.</marc:subfield>
    </marc:datafield>
    <marc:datafield tag="655" ind1=" " ind2="7">
      <marc:subfield code="a">Fantasy fiction.</marc:subfield>
      <marc:subfield code="2">lcgft.</marc:subfield>
    </marc:datafield>
    <marc:datafield tag="655" ind1=" " ind2="7">
      <marc:subfield code="a">Epic fiction.</marc:subfield>
      <marc:subfield code="2">gsafd.</marc:subfield>
    </marc:datafield>
    <marc:datafield tag="856" ind1="4" ind2="2">
      <marc:subfield code="3">Cover image</marc:subfield>
      <marc:subfield code="u">9780345533098.jpg</marc:subfield>
    </marc:datafield>
  </marc:record>