
  <marc:record>
    <marc:leader>02177cam a2200445 a 4500</marc:leader>
    <marc:controlfield tag="001">34690642</marc:controlfield>
    <marc:controlfield tag="003">OCoLC</marc:controlfield>
    <marc:controlfield tag="005">20161209021640.0</marc:controlfield>
    <marc:controlfield tag="008">960426s1996    nyub   j      000 1 eng  </marc:controlfield>
    <marc:datafield tag="010" ind1=" " ind2=" ">
      <marc:subfield code="a">   96002957</marc:subfield>
    </marc:datafield>
    <marc:datafield tag="020" ind1=" " ind2=" ">
      <marc:subfield code="a">067187747X</marc:subfield>
      <marc:subfield code="q">(trade pbk.)</marc:subfield>
    </marc:datafield>
    <marc:datafield tag="020" ind1=" " ind2=" ">
      <marc:subfield code="a">9780671877477</marc:subfield>
      <marc:subfield code="q">(trade pbk.)</marc:subfield>
    </marc:datafield>
    <marc:datafield tag="035" ind1=" " ind2=" ">
      <marc:subfield code="a">(OCoLC)34690642</marc:subfield>
      <marc:subfield code="z">(OCoLC)731247453</marc:subfield>
    </marc:datafield>
    <marc:datafield tag="040" ind1=" " ind2=" ">
      <marc:subfield code="a">DLC</marc:subfield>
      <marc:subfield code="b">eng</marc:subfield>
      <marc:subfield code="c">DLC</marc:subfield>
      <marc:subfield code="d">SVP</marc:subfield>
      <marc:subfield code="d">OCL</marc:subfield>
      <marc:subfield code="d">BAKER</marc:subfield>
      <marc:subfield code="d">BTCTA</marc:subfield>
      <marc:subfield code="d">UPZ</marc:subfield>
      <marc:subfield code="d">BDX</marc:subfield>
      <marc:subfield code="d">OCLCO</marc:subfield>
      <marc:subfield code="d">TXBXL</marc:subfield>
      <marc:subfield code="d">OCLCQ</marc:subfield>
      <marc:subfield code="d">OCLCF</marc:subfield>
      <marc:subfield code="d">OCLCO</marc:subfield>
      <marc:subfield code="d">NYP</marc:subfield>
    </marc:datafield>
    <marc:datafield tag="049" ind1=" " ind2=" ">
      <marc:subfield code="a">NYPP</marc:subfield>
    </marc:datafield>
    <marc:datafield tag="050" ind1="0" ind2="0">
      <marc:subfield code="a">PS3563.O557</marc:subfield>
      <marc:subfield code="b">L4 1996</marc:subfield>
    </marc:datafield>
    <marc:datafield tag="082" ind1="0" ind2="0">
      <marc:subfield code="a">813/.54</marc:subfield>
      <marc:subfield code="2">20</marc:subfield>
    </marc:datafield>
    <marc:datafield tag="091" ind1=" " ind2=" ">
      <marc:subfield code="a">SCI FI</marc:subfield>
      <marc:subfield code="c">MOON</marc:subfield>
    </marc:datafield>
    <marc:datafield tag="100" ind1="1" ind2=" ">
      <marc:subfield code="a">Moon, Elizabeth</marc:subfield>
      <marc:subfield code="d">1945-</marc:subfield>
      <marc:subfield code="4">aut</marc:subfield>
      <marc:subfield code="1">http://viaf.org/viaf/100880163</marc:subfield>
    </marc:datafield>
    <marc:datafield tag="240" ind1="1" ind2="4">
      <marc:subfield code="a">The legacy of Gird</marc:subfield>
      <marc:subfield code="1">http://worldcat.org/entity/work/id/1152139000</marc:subfield>
    </marc:datafield>
    <marc:datafield tag="245" ind1="1" ind2="4">
      <marc:subfield code="a">The legacy of Gird /</marc:subfield>
      <marc:subfield code="c">Elizabeth Moon.</marc:subfield>
    </marc:datafield>
    <marc:datafield tag="260" ind1=" " ind2=" ">
      <marc:subfield code="a">Riverdale, N.Y. :</marc:subfield>
      <marc:subfield code="b">Baen Pub. ;</marc:subfield>
      <marc:subfield code="a">New York, N.Y. :</marc:subfield>
      <marc:subfield code="b">Distributed by Simon &amp; Schuster,</marc:subfield>
      <marc:subfield code="c">[1996]</marc:subfield>
    </marc:datafield>
    <marc:datafield tag="300" ind1=" " ind2=" ">
      <marc:subfield code="a">852 pages :</marc:subfield>
      <marc:subfield code="b">map ;</marc:subfield>
      <marc:subfield code="c">21 cm.</marc:subfield>
    </marc:datafield>
    <marc:datafield tag="336" ind1=" " ind2=" ">
      <marc:subfield code="a">text</marc:subfield>
      <marc:subfield code="0">http://rdaregistry.info/termList/RDAContentType/1020</marc:subfield>
      <marc:subfield code="2">rdacontent</marc:subfield>
    </marc:datafield>
    <marc:datafield tag="337" ind1=" " ind2=" ">
      <marc:subfield code="a">unmediated</marc:subfield>
      <marc:subfield code="0">http://rdaregistry.info/termList/RDAMediaType/1007</marc:subfield>
      <marc:subfield code="2">rdamedia</marc:subfield>
    </marc:datafield>
    <marc:datafield tag="338" ind1=" " ind2=" ">
      <marc:subfield code="a">volume</marc:subfield>
      <marc:subfield code="0">http://rdaregistry.info/termList/RDACarrierType/1001</marc:subfield>
      <marc:subfield code="2">rdacarrier</marc:subfield>
    </marc:datafield>
    <marc:datafield tag="380" ind1=" " ind2=" ">
      <marc:subfield code="a">novel</marc:subfield>
      <marc:subfield code="2">marcgt</marc:subfield>
      <marc:subfield code="1">http://id.loc.gov/vocabulary/marcgt/nov</marc:subfield>
    </marc:datafield>
    <marc:datafield tag="490" ind1="1" ind2=" ">
      <marc:subfield code="a">The legacy of Gird ;</marc:subfield>
      <marc:subfield code="v">1, 2.</marc:subfield>
    </marc:datafield>
    <marc:datafield tag="500" ind1=" " ind2=" ">
      <marc:subfield code="a">The Legacy of Gird has been published in 2 parts as "Surrender none" (c1990), and "Liar's oath" (c1992).</marc:subfield>
    </marc:datafield>
    <marc:datafield tag="500" ind1=" " ind2=" ">
      <marc:subfield code="a">"A Baen books original."</marc:subfield>
    </marc:datafield>
    <marc:datafield tag="505" ind1="0" ind2=" ">
      <marc:subfield code="a">Surrender none -- Liar's oath.</marc:subfield>
    </marc:datafield>
    <marc:datafield tag="520" ind1=" " ind2=" ">
      <marc:subfield code="a">An omnibus edition of "Surrender None" and "Liar's Oath", two novels set in the same world as Moon's Deed of Paksenarrion trilogy.</marc:subfield>
    </marc:datafield>
    <marc:datafield tag="650" ind1=" " ind2="0">
      <marc:subfield code="a">Fantasy fiction, American.</marc:subfield>
    </marc:datafield>
    <marc:datafield tag="655" ind1=" " ind2="7">
      <marc:subfield code="a">Fantasy fiction.</marc:subfield>
      <marc:subfield code="2">lcgft.</marc:subfield>
    </marc:datafield>
    <marc:datafield tag="655" ind1=" " ind2="7">
      <marc:subfield code="a">Fantasy fiction.</marc:subfield>
      <marc:subfield code="2">fast</marc:subfield>
      <marc:subfield code="0">(OCoLC)fst01726607.</marc:subfield>
    </marc:datafield>
    <marc:datafield tag="700" ind1="1" ind2="2">
      <marc:subfield code="a">Moon, Elizabeth.</marc:subfield>
      <marc:subfield code="t">Surrender none</marc:subfield>
      <marc:subfield code="1">http://viaf.org/viaf/180738065</marc:subfield>
      <marc:subfield code="i">Is part of work</marc:subfield>
      <marc:subfield code="4">http://rdaregistry.info/Elements/w/partOfWork.en</marc:subfield>
    </marc:datafield>
    <marc:datafield tag="700" ind1="1" ind2="2">
      <marc:subfield code="a">Moon, Elizabeth.</marc:subfield>
      <marc:subfield code="t">Liar's oath</marc:subfield>
      <marc:subfield code="1">http://worldcat.org/entity/work/id/28366533</marc:subfield>
      <marc:subfield code="i">Is part of work</marc:subfield>
      <marc:subfield code="4">http://rdaregistry.info/Elements/w/partOfWork.en</marc:subfield>
    </marc:datafield>
    <marc:datafield tag="740" ind1="0" ind2="2">
      <marc:subfield code="a">Surrender one.</marc:subfield>
    </marc:datafield>
    <marc:datafield tag="740" ind1="0" ind2="2">
      <marc:subfield code="a">Liar's oath.</marc:subfield>
    </marc:datafield>
    <marc:datafield tag="830" ind1=" " ind2="0">
      <marc:subfield code="a">Legacy of Gird ;</marc:subfield>
      <marc:subfield code="v">1, 2.</marc:subfield>
    </marc:datafield>
  </marc:record>