
  <marc:record>
    <marc:leader>01119cam a2200253 i 4500</marc:leader>
    <marc:controlfield tag="001">NYPG88-B60346</marc:controlfield>
    <marc:controlfield tag="005">19990221184949.4</marc:controlfield>
    <marc:controlfield tag="007">hd afb---baca</marc:controlfield>
    <marc:controlfield tag="007">hd bfb---baaa</marc:controlfield>
    <marc:controlfield tag="008">880719s1988    nyubf  ja     000 1 eng d</marc:controlfield>
    <marc:datafield tag="020" ind1=" " ind2=" ">
      <marc:subfield code="a">0671654160</marc:subfield>
    </marc:datafield>
    <marc:datafield tag="035" ind1=" " ind2=" ">
      <marc:subfield code="a">(WaOLN)nyp1497075</marc:subfield>
    </marc:datafield>
    <marc:datafield tag="040" ind1=" " ind2=" ">
      <marc:subfield code="a">NN</marc:subfield>
      <marc:subfield code="c">NN</marc:subfield>
      <marc:subfield code="d">WaOLN</marc:subfield>
    </marc:datafield>
    <marc:datafield tag="100" ind1="1" ind2=" ">
      <marc:subfield code="a">Moon, Elizabeth</marc:subfield>
      <marc:subfield code="d">1945-</marc:subfield>
      <marc:subfield code="4">aut</marc:subfield>
      <marc:subfield code="1">http://viaf.org/viaf/100880163</marc:subfield>
    </marc:datafield>
    <marc:datafield tag="240" ind1="1" ind2="0">
      <marc:subfield code="a">Sheepfarmer's daughter</marc:subfield>
      <marc:subfield code="1">http://viaf.org/viaf/5879152200793914400007</marc:subfield>
    </marc:datafield>
    <marc:datafield tag="245" ind1="1" ind2="0">
      <marc:subfield code="a">Sheepfarmer's daughter</marc:subfield>
      <marc:subfield code="h">[microform] /</marc:subfield>
      <marc:subfield code="c">Elizabeth Moon.</marc:subfield>
    </marc:datafield>
    <marc:datafield tag="260" ind1=" " ind2=" ">
      <marc:subfield code="a">[New York] :</marc:subfield>
      <marc:subfield code="b">Baen Book,</marc:subfield>
      <marc:subfield code="c">[1988]</marc:subfield>
    </marc:datafield>
    <marc:datafield tag="300" ind1=" " ind2=" ">
      <marc:subfield code="a">506 p., [1] leaf of plates :</marc:subfield>
      <marc:subfield code="b">map.</marc:subfield>
    </marc:datafield>
    <marc:datafield tag="336" ind1=" " ind2=" ">
      <marc:subfield code="a">text</marc:subfield>
      <marc:subfield code="0">http://rdaregistry.info/termList/RDAContentType/1020</marc:subfield>
      <marc:subfield code="2">rdacontent</marc:subfield>
    </marc:datafield>
    <marc:datafield tag="337" ind1=" " ind2=" ">
      <marc:subfield code="a">unmediated</marc:subfield>
      <marc:subfield code="0">http://rdaregistry.info/termList/RDAMediaType/1007</marc:subfield>
      <marc:subfield code="2">rdamedia</marc:subfield>
    </marc:datafield>
    <marc:datafield tag="338" ind1=" " ind2=" ">
      <marc:subfield code="a">microfilm reel</marc:subfield>
      <marc:subfield code="0">http://rdaregistry.info/termList/RDACarrierType/1026</marc:subfield>
      <marc:subfield code="2">rdacarrier</marc:subfield>
    </marc:datafield>
    <marc:datafield tag="380" ind1=" " ind2=" ">
      <marc:subfield code="a">novel</marc:subfield>
      <marc:subfield code="2">marcgt</marc:subfield>
      <marc:subfield code="1">http://id.loc.gov/vocabulary/marcgt/nov</marc:subfield>
    </marc:datafield>
    <marc:datafield tag="490" ind1="0" ind2=" ">
      <marc:subfield code="a">The deed of Paksenarrion ;</marc:subfield>
      <marc:subfield code="v">book 1.</marc:subfield>
    </marc:datafield>
    <marc:datafield tag="533" ind1=" " ind2=" ">
      <marc:subfield code="a">Microfilm.</marc:subfield>
      <marc:subfield code="b">New York :</marc:subfield>
      <marc:subfield code="c">New York Public Library,</marc:subfield>
      <marc:subfield code="d">1989.</marc:subfield>
      <marc:subfield code="e">1 microfilm reel ; 35 mm.</marc:subfield>
      <marc:subfield code="n">(MN *ZZ-30420)</marc:subfield>
    </marc:datafield>
  </marc:record>