
  <marc:record>
    <marc:leader>02561nam a2200505Ki 4500</marc:leader>
    <marc:controlfield tag="001">1022267394</marc:controlfield>
    <marc:controlfield tag="005">20180208085244.6</marc:controlfield>
    <marc:controlfield tag="007">cr cnu---unuuu</marc:controlfield>
    <marc:controlfield tag="008">180208s2018    nyu    jo     000 f eng d</marc:controlfield>
    <marc:datafield tag="020" ind1=" " ind2=" ">
      <marc:subfield code="a">9781101887356</marc:subfield>
      <marc:subfield code="q">(electronic bk.)</marc:subfield>
    </marc:datafield>
    <marc:datafield tag="020" ind1=" " ind2=" ">
      <marc:subfield code="a">1101887354</marc:subfield>
      <marc:subfield code="q">(electronic bk.)</marc:subfield>
    </marc:datafield>
    <marc:datafield tag="035" ind1=" " ind2=" ">
      <marc:subfield code="a">(OCoLC)1022267394</marc:subfield>
    </marc:datafield>
    <marc:datafield tag="037" ind1=" " ind2=" ">
      <marc:subfield code="a">A7FEA4FB-171A-4707-B0E5-EDE3C2F9FC22</marc:subfield>
      <marc:subfield code="b">OverDrive, Inc.</marc:subfield>
      <marc:subfield code="n">http://www.overdrive.com</marc:subfield>
    </marc:datafield>
    <marc:datafield tag="040" ind1=" " ind2=" ">
      <marc:subfield code="a">TEFOD</marc:subfield>
      <marc:subfield code="b">eng</marc:subfield>
      <marc:subfield code="e">rda</marc:subfield>
      <marc:subfield code="e">pn</marc:subfield>
      <marc:subfield code="c">TEFOD</marc:subfield>
    </marc:datafield>
    <marc:datafield tag="049" ind1=" " ind2=" ">
      <marc:subfield code="a">BNYC</marc:subfield>
    </marc:datafield>
    <marc:datafield tag="050" ind1=" " ind2="4">
      <marc:subfield code="a">PS3563.O557</marc:subfield>
      <marc:subfield code="b">I58 2018eb</marc:subfield>
    </marc:datafield>
    <marc:datafield tag="082" ind1="0" ind2="4">
      <marc:subfield code="a">813/.6</marc:subfield>
      <marc:subfield code="2">23</marc:subfield>
    </marc:datafield>
    <marc:datafield tag="084" ind1=" " ind2=" ">
      <marc:subfield code="a">FIC009020</marc:subfield>
      <marc:subfield code="a">FIC028010</marc:subfield>
      <marc:subfield code="a">FIC002000</marc:subfield>
      <marc:subfield code="2">bisacsh</marc:subfield>
    </marc:datafield>
    <marc:datafield tag="091" ind1=" " ind2=" ">
      <marc:subfield code="a">eNYPL Book</marc:subfield>
    </marc:datafield>
    <marc:datafield tag="100" ind1="1" ind2=" ">
      <marc:subfield code="a">Moon, Elizabeth</marc:subfield>
      <marc:subfield code="d">1945-</marc:subfield>
      <marc:subfield code="4">aut</marc:subfield>
      <marc:subfield code="1">http://viaf.org/viaf/100880163</marc:subfield>
    </marc:datafield>
    <marc:datafield tag="240" ind1="1" ind2="0">
      <marc:subfield code="a">Into the fire</marc:subfield>
      <marc:subfield code="1">https://www.wikidata.org/wiki/Q50316199</marc:subfield>
    </marc:datafield>
    <marc:datafield tag="245" ind1="1" ind2="0">
      <marc:subfield code="a">Into the fire /</marc:subfield>
      <marc:subfield code="c">Elizabeth Moon.</marc:subfield>
    </marc:datafield>
    <marc:datafield tag="250" ind1=" " ind2=" ">
      <marc:subfield code="a">First edition.</marc:subfield>
    </marc:datafield>
    <marc:datafield tag="264" ind1=" " ind2="1">
      <marc:subfield code="a">New York :</marc:subfield>
      <marc:subfield code="b">Del Rey, an imprint of Random House,</marc:subfield>
      <marc:subfield code="c">[2018]</marc:subfield>
    </marc:datafield>
    <marc:datafield tag="264" ind1=" " ind2="4">
      <marc:subfield code="c">©2018.</marc:subfield>
    </marc:datafield>
    <marc:datafield tag="300" ind1=" " ind2=" ">
      <marc:subfield code="a">1 online resource (x, 462 pages)</marc:subfield>
    </marc:datafield>
    <marc:datafield tag="336" ind1=" " ind2=" ">
      <marc:subfield code="a">text</marc:subfield>
      <marc:subfield code="b">txt</marc:subfield>
      <marc:subfield code="2">rdacontent.</marc:subfield>
    </marc:datafield>
    <marc:datafield tag="337" ind1=" " ind2=" ">
      <marc:subfield code="a">computer</marc:subfield>
      <marc:subfield code="b">c</marc:subfield>
      <marc:subfield code="2">rdamedia.</marc:subfield>
    </marc:datafield>
    <marc:datafield tag="338" ind1=" " ind2=" ">
      <marc:subfield code="a">online resource</marc:subfield>
      <marc:subfield code="b">cr</marc:subfield>
      <marc:subfield code="2">rdacarrier.</marc:subfield>
    </marc:datafield>
    <marc:datafield tag="490" ind1="1" ind2=" ">
      <marc:subfield code="a">Vatta's peace ;</marc:subfield>
      <marc:subfield code="v">2.</marc:subfield>
    </marc:datafield>
    <marc:datafield tag="520" ind1=" " ind2=" ">
      <marc:subfield code="a">"As Admiral Kylara Vatta learned after she and a ship full of strangers were marooned on an inhospitable arctic island, the secrets she and her makeshift crew uncovered were ones someone was ready to kill to keep hidden. Now, the existence of the mysterious arctic base has been uncovered, but much of the organization behind it still lurks in the shadows. And it is up to the intrepid Ky to force the perpetrators into the light, and finally uncover decades worth of secrets--some of which lie at the very heart of her biggest family tragedy"--</marc:subfield>
      <marc:subfield code="c">Provided by publisher.</marc:subfield>
    </marc:datafield>
    <marc:datafield tag="588" ind1="0" ind2=" ">
      <marc:subfield code="a">Print version record.</marc:subfield>
    </marc:datafield>
    <marc:datafield tag="650" ind1=" " ind2="7">
      <marc:subfield code="a">FICTION / Fantasy / Epic.</marc:subfield>
      <marc:subfield code="2">bisacsh.</marc:subfield>
    </marc:datafield>
    <marc:datafield tag="650" ind1=" " ind2="7">
      <marc:subfield code="a">FICTION / Science Fiction / Adventure.</marc:subfield>
      <marc:subfield code="2">bisacsh.</marc:subfield>
    </marc:datafield>
    <marc:datafield tag="650" ind1=" " ind2="7">
      <marc:subfield code="a">FICTION / Action &amp; Adventure.</marc:subfield>
      <marc:subfield code="2">bisacsh.</marc:subfield>
    </marc:datafield>
    <marc:datafield tag="650" ind1=" " ind2="0">
      <marc:subfield code="a">Life on other planets</marc:subfield>
      <marc:subfield code="v">Fiction.</marc:subfield>
    </marc:datafield>
    <marc:datafield tag="650" ind1=" " ind2="0">
      <marc:subfield code="a">Women admirals</marc:subfield>
      <marc:subfield code="v">Fiction.</marc:subfield>
    </marc:datafield>
    <marc:datafield tag="650" ind1=" " ind2="0">
      <marc:subfield code="a">Secrecy</marc:subfield>
      <marc:subfield code="v">Fiction.</marc:subfield>
    </marc:datafield>
    <marc:datafield tag="655" ind1=" " ind2="7">
      <marc:subfield code="a">Science fiction.</marc:subfield>
      <marc:subfield code="2">lcgft.</marc:subfield>
    </marc:datafield>
    <marc:datafield tag="655" ind1=" " ind2="7">
      <marc:subfield code="a">Action and adventure fiction.</marc:subfield>
      <marc:subfield code="2">lcgft.</marc:subfield>
    </marc:datafield>
    <marc:datafield tag="655" ind1=" " ind2="7">
      <marc:subfield code="a">Electronic books.</marc:subfield>
      <marc:subfield code="2">local.</marc:subfield>
    </marc:datafield>
    <marc:datafield tag="710" ind1="2" ind2=" ">
      <marc:subfield code="a">OverDrive, Inc.</marc:subfield>
    </marc:datafield>
    <marc:datafield tag="776" ind1="0" ind2="8">
      <marc:subfield code="i">Print version:</marc:subfield>
      <marc:subfield code="a">Moon, Elizabeth.</marc:subfield>
      <marc:subfield code="t">Into the fire.</marc:subfield>
      <marc:subfield code="b">First edition.</marc:subfield>
      <marc:subfield code="d">New York : Del Rey, an imprint of Random House, [2018]</marc:subfield>
      <marc:subfield code="z">9781101887349</marc:subfield>
      <marc:subfield code="w">(DLC)  2017053588</marc:subfield>
      <marc:subfield code="w">(OCoLC)986878647.</marc:subfield>
    </marc:datafield>
    <marc:datafield tag="800" ind1="1" ind2=" ">
      <marc:subfield code="a">Moon, Elizabeth.</marc:subfield>
      <marc:subfield code="t">Vatta's peace series ;</marc:subfield>
      <marc:subfield code="v">bk.2.</marc:subfield>
    </marc:datafield>
    <marc:datafield tag="856" ind1="4" ind2="0">
      <marc:subfield code="u">http://link.overdrive.com/?websiteID=37&amp;titleID=3390804</marc:subfield>
      <marc:subfield code="y">Access eNYPL</marc:subfield>
    </marc:datafield>
  </marc:record>