
  <marc:record>
    <marc:leader>03325nam a2200469Ka 4500</marc:leader>
    <marc:controlfield tag="001">232537355</marc:controlfield>
    <marc:controlfield tag="003">OCoLC</marc:controlfield>
    <marc:controlfield tag="005">20080731130755.0</marc:controlfield>
    <marc:controlfield tag="007">cr cn         </marc:controlfield>
    <marc:controlfield tag="008">080622s2008    nyu    js     000 1 eng d</marc:controlfield>
    <marc:datafield tag="020" ind1=" " ind2=" ">
      <marc:subfield code="a">9780345504821 (electronic bk. : Adobe Reader)</marc:subfield>
    </marc:datafield>
    <marc:datafield tag="020" ind1=" " ind2=" ">
      <marc:subfield code="a">0345504828 (electronic bk. : Adobe Reader)</marc:subfield>
    </marc:datafield>
    <marc:datafield tag="020" ind1=" " ind2=" ">
      <marc:subfield code="a">9780345504821 (electronic bk. : Mobipocket Reader)</marc:subfield>
    </marc:datafield>
    <marc:datafield tag="020" ind1=" " ind2=" ">
      <marc:subfield code="a">0345504828 (electronic bk. : Mobipocket Reader)</marc:subfield>
    </marc:datafield>
    <marc:datafield tag="037" ind1=" " ind2=" ">
      <marc:subfield code="a">FEB9DB8E-4183-4D60-A790-7DCA5C36A61B</marc:subfield>
      <marc:subfield code="b">OverDrive, Inc.</marc:subfield>
      <marc:subfield code="n">http://www.overdrive.com</marc:subfield>
    </marc:datafield>
    <marc:datafield tag="040" ind1=" " ind2=" ">
      <marc:subfield code="a">TEFOD</marc:subfield>
      <marc:subfield code="c">TEFOD</marc:subfield>
      <marc:subfield code="d">BNY</marc:subfield>
      <marc:subfield code="d">UtOrBLW</marc:subfield>
    </marc:datafield>
    <marc:datafield tag="050" ind1="1" ind2="4">
      <marc:subfield code="a">PS3563.O557</marc:subfield>
      <marc:subfield code="b">V53 2008eb</marc:subfield>
    </marc:datafield>
    <marc:datafield tag="082" ind1="0" ind2="4">
      <marc:subfield code="a">813/.54</marc:subfield>
      <marc:subfield code="2">22</marc:subfield>
    </marc:datafield>
    <marc:datafield tag="091" ind1=" " ind2=" ">
      <marc:subfield code="a">eNYPL Book</marc:subfield>
    </marc:datafield>
    <marc:datafield tag="100" ind1="1" ind2=" ">
      <marc:subfield code="a">Moon, Elizabeth</marc:subfield>
      <marc:subfield code="d">1945-</marc:subfield>
      <marc:subfield code="4">aut</marc:subfield>
      <marc:subfield code="1">http://viaf.org/viaf/100880163</marc:subfield>
    </marc:datafield>
    <marc:datafield tag="240" ind1="1" ind2="0">
      <marc:subfield code="V">ictory conditions</marc:subfield>
      <marc:subfield code="1">http://worldcat.org/entity/work/id/117071642</marc:subfield>
    </marc:datafield>
    <marc:datafield tag="245" ind1="1" ind2="0">
      <marc:subfield code="a">Victory conditions</marc:subfield>
      <marc:subfield code="h">[electronic resource] /</marc:subfield>
      <marc:subfield code="c">Elizabeth Moon.</marc:subfield>
    </marc:datafield>
    <marc:datafield tag="260" ind1=" " ind2=" ">
      <marc:subfield code="a">New York :</marc:subfield>
      <marc:subfield code="b">Ballantine Books,</marc:subfield>
      <marc:subfield code="c">c2008.</marc:subfield>
    </marc:datafield>
    <marc:datafield tag="300" ind1=" " ind2=" ">
      <marc:subfield code="a">ix, 398 p. ;</marc:subfield>
      <marc:subfield code="c">25 cm.</marc:subfield>
    </marc:datafield>
    <marc:datafield tag="336" ind1=" " ind2=" ">
      <marc:subfield code="a">text</marc:subfield>
      <marc:subfield code="0">http://rdaregistry.info/termList/RDAContentType/1020</marc:subfield>
      <marc:subfield code="2">rdacontent</marc:subfield>
    </marc:datafield>
    <marc:datafield tag="337" ind1=" " ind2=" ">
      <marc:subfield code="a">unmediated</marc:subfield>
      <marc:subfield code="0">http://rdaregistry.info/termList/RDAMediaType/1007</marc:subfield>
      <marc:subfield code="2">rdamedia</marc:subfield>
    </marc:datafield>
    <marc:datafield tag="338" ind1=" " ind2=" ">
      <marc:subfield code="a">volume</marc:subfield>
      <marc:subfield code="0">http://rdaregistry.info/termList/RDACarrierType/1001</marc:subfield>
      <marc:subfield code="2">rdacarrier</marc:subfield>
    </marc:datafield>
    <marc:datafield tag="380" ind1=" " ind2=" ">
      <marc:subfield code="a">novel</marc:subfield>
      <marc:subfield code="2">marcgt</marc:subfield>
      <marc:subfield code="1">http://id.loc.gov/vocabulary/marcgt/nov</marc:subfield>
    </marc:datafield>
    <marc:datafield tag="490" ind1="1" ind2=" ">
      <marc:subfield code="a">Vatta's war.</marc:subfield>
    </marc:datafield>
    <marc:datafield tag="520" ind1=" " ind2=" ">
      <marc:subfield code="a">Commander Vatta is back--locked and loaded and ready to win the fight against the marauding forces of ruthless space pirate Gammis Turek. For Ky, it's not just about liberating the star systems subjugated by Turek and defending the rest of the galaxy's freedom. There's also a score to be settled and payback to be meted out for the obliteration of the Vatta Transport dynasty ... and the slaughter of Ky's family. But the enemy have their own escalation efforts under way--including the placement of covert agents among the allies with whom Ky and the surviving Vattas are collaborating in the war effort. And when a spy ring linked to a wealthy businessman is exposed, a cracked pirate code reveals a galaxywide conspiracy fueling the proliferation of Turek's warship fleet. Matching the invaders' swelling firepower will mean marshaling an armada of battle-ready ships for Ky to lead into combat. But a violent skirmish leaves Ky reeling--and presumed dead by her enemies. Now, as Turek readies an all-out attack on the Nexus system--a key conquest that could seal the rest of the galaxy's doom--Ky must rally to the challenge, draw upon every last reserve of her strategic skills, and reach deep if she is to tear from the ashes of tragedy her most decisive victory.</marc:subfield>
    </marc:datafield>
    <marc:datafield tag="538" ind1=" " ind2=" ">
      <marc:subfield code="a">Requires Adobe Reader 6.0 (file size: 1675 KB) or Mobipocket Reader (file size: 472 KB).</marc:subfield>
    </marc:datafield>
    <marc:datafield tag="533" ind1=" " ind2=" ">
      <marc:subfield code="a">Electronic reproduction.</marc:subfield>
      <marc:subfield code="b">New York :</marc:subfield>
      <marc:subfield code="c">Random House Publishing Group,</marc:subfield>
      <marc:subfield code="d">2008.</marc:subfield>
    </marc:datafield>
    <marc:datafield tag="650" ind1=" " ind2="0">
      <marc:subfield code="a">Interplanetary voyages</marc:subfield>
      <marc:subfield code="v">Fiction.</marc:subfield>
    </marc:datafield>
    <marc:datafield tag="650" ind1=" " ind2="0">
      <marc:subfield code="a">Interstellar travel</marc:subfield>
      <marc:subfield code="v">Fiction.</marc:subfield>
    </marc:datafield>
    <marc:datafield tag="650" ind1=" " ind2="0">
      <marc:subfield code="a">Space warfare</marc:subfield>
      <marc:subfield code="v">Fiction.</marc:subfield>
    </marc:datafield>
    <marc:datafield tag="650" ind1=" " ind2="0">
      <marc:subfield code="a">Undercover operations</marc:subfield>
      <marc:subfield code="v">Fiction.</marc:subfield>
    </marc:datafield>
    <marc:datafield tag="650" ind1=" " ind2="0">
      <marc:subfield code="a">Revenge</marc:subfield>
      <marc:subfield code="v">Fiction.</marc:subfield>
    </marc:datafield>
    <marc:datafield tag="655" ind1=" " ind2="7">
      <marc:subfield code="a">Science fiction.</marc:subfield>
      <marc:subfield code="2">lcgft.</marc:subfield>
    </marc:datafield>
    <marc:datafield tag="655" ind1=" " ind2="7">
      <marc:subfield code="a">Electronic books.</marc:subfield>
      <marc:subfield code="2">local.</marc:subfield>
    </marc:datafield>
    <marc:datafield tag="710" ind1="2" ind2=" ">
      <marc:subfield code="a">OverDrive, Inc.</marc:subfield>
    </marc:datafield>
    <marc:datafield tag="800" ind1="1" ind2=" ">
      <marc:subfield code="a">Moon, Elizabeth.</marc:subfield>
      <marc:subfield code="t">Vatta's war.</marc:subfield>
    </marc:datafield>
    <marc:datafield tag="856" ind1="4" ind2="0">
      <marc:subfield code="u">http://ebooks.nypl.org/ContentDetails.htm?ID=FEB9DB8E-4183-4D60-A790-7DCA5C36A61B</marc:subfield>
      <marc:subfield code="y">Access eNYPL</marc:subfield>
    </marc:datafield>
  </marc:record>