
  <marc:record>
    <marc:leader>03908cam a2200541Ka 4500</marc:leader>
    <marc:controlfield tag="001">236122268</marc:controlfield>
    <marc:controlfield tag="005">20180917160140.2</marc:controlfield>
    <marc:controlfield tag="007">cr cn|||||||||</marc:controlfield>
    <marc:controlfield tag="008">080726s2007    nyu    jo     000 1 eng d</marc:controlfield>
    <marc:datafield tag="019" ind1=" " ind2=" ">
      <marc:subfield code="a">843000995</marc:subfield>
      <marc:subfield code="a">869497326</marc:subfield>
    </marc:datafield>
    <marc:datafield tag="020" ind1=" " ind2=" ">
      <marc:subfield code="a">9780345498083</marc:subfield>
      <marc:subfield code="q">(electronic bk.)</marc:subfield>
    </marc:datafield>
    <marc:datafield tag="020" ind1=" " ind2=" ">
      <marc:subfield code="a">0345498089</marc:subfield>
      <marc:subfield code="q">(electronic bk.)</marc:subfield>
    </marc:datafield>
    <marc:datafield tag="020" ind1=" " ind2=" ">
      <marc:subfield code="a">1299061621</marc:subfield>
      <marc:subfield code="q">(ebk)</marc:subfield>
    </marc:datafield>
    <marc:datafield tag="020" ind1=" " ind2=" ">
      <marc:subfield code="a">9781299061620</marc:subfield>
      <marc:subfield code="q">(ebk)</marc:subfield>
    </marc:datafield>
    <marc:datafield tag="028" ind1="0" ind2="1">
      <marc:subfield code="a">EB00158442</marc:subfield>
      <marc:subfield code="b">Recorded Books</marc:subfield>
    </marc:datafield>
    <marc:datafield tag="035" ind1=" " ind2=" ">
      <marc:subfield code="a">(OCoLC)236122268</marc:subfield>
      <marc:subfield code="z">(OCoLC)843000995</marc:subfield>
      <marc:subfield code="z">(OCoLC)869497326</marc:subfield>
    </marc:datafield>
    <marc:datafield tag="037" ind1=" " ind2=" ">
      <marc:subfield code="a">24D7B71F-B100-40FB-8F5D-D00A441116D1</marc:subfield>
      <marc:subfield code="b">OverDrive, Inc.</marc:subfield>
      <marc:subfield code="n">http://www.overdrive.com</marc:subfield>
    </marc:datafield>
    <marc:datafield tag="040" ind1=" " ind2=" ">
      <marc:subfield code="a">TEFOD</marc:subfield>
      <marc:subfield code="b">eng</marc:subfield>
      <marc:subfield code="e">pn</marc:subfield>
      <marc:subfield code="c">TEFOD</marc:subfield>
      <marc:subfield code="d">TEFOD</marc:subfield>
      <marc:subfield code="d">OCLCF</marc:subfield>
      <marc:subfield code="d">N$T</marc:subfield>
      <marc:subfield code="d">IDEBK</marc:subfield>
      <marc:subfield code="d">OCLCO</marc:subfield>
      <marc:subfield code="d">RECBK</marc:subfield>
      <marc:subfield code="d">OCLCO</marc:subfield>
      <marc:subfield code="d">YDXCP</marc:subfield>
      <marc:subfield code="d">OCLCQ</marc:subfield>
      <marc:subfield code="d">OCLCO</marc:subfield>
      <marc:subfield code="d">TEFOD</marc:subfield>
      <marc:subfield code="d">OCLCQ</marc:subfield>
      <marc:subfield code="d">IAD</marc:subfield>
      <marc:subfield code="d">OCL</marc:subfield>
      <marc:subfield code="d">MR7</marc:subfield>
      <marc:subfield code="d">HCO</marc:subfield>
      <marc:subfield code="d">UOK</marc:subfield>
      <marc:subfield code="d">NTG</marc:subfield>
    </marc:datafield>
    <marc:datafield tag="049" ind1=" " ind2=" ">
      <marc:subfield code="a">BNYC</marc:subfield>
    </marc:datafield>
    <marc:datafield tag="050" ind1=" " ind2="4">
      <marc:subfield code="a">PS3563.O557</marc:subfield>
      <marc:subfield code="b">C66 2007eb</marc:subfield>
    </marc:datafield>
    <marc:datafield tag="072" ind1=" " ind2="7">
      <marc:subfield code="a">FIC</marc:subfield>
      <marc:subfield code="x">000000</marc:subfield>
      <marc:subfield code="2">bisacsh</marc:subfield>
    </marc:datafield>
    <marc:datafield tag="082" ind1="0" ind2="4">
      <marc:subfield code="a">813/.54</marc:subfield>
      <marc:subfield code="2">22</marc:subfield>
    </marc:datafield>
    <marc:datafield tag="091" ind1=" " ind2=" ">
      <marc:subfield code="a">eNYPL Book</marc:subfield>
    </marc:datafield>
    <marc:datafield tag="100" ind1="1" ind2=" ">
      <marc:subfield code="a">Moon, Elizabeth</marc:subfield>
      <marc:subfield code="d">1945-</marc:subfield>
      <marc:subfield code="4">aut</marc:subfield>
      <marc:subfield code="1">http://viaf.org/viaf/100880163</marc:subfield>
    </marc:datafield>
    <marc:datafield tag="240" ind1="1" ind2="0">
      <marc:subfield code="a">Command decision</marc:subfield>
      <marc:subfield code="1">http://worldcat.org/entity/work/id/1153506761</marc:subfield>
    </marc:datafield>
    <marc:datafield tag="245" ind1="1" ind2="0">
      <marc:subfield code="a">Command decision /</marc:subfield>
      <marc:subfield code="c">Elizabeth Moon.</marc:subfield>
    </marc:datafield>
    <marc:datafield tag="260" ind1=" " ind2=" ">
      <marc:subfield code="a">New York :</marc:subfield>
      <marc:subfield code="b">Del Rey/Ballantine Books,</marc:subfield>
      <marc:subfield code="c">©2007.</marc:subfield>
    </marc:datafield>
    <marc:datafield tag="300" ind1=" " ind2=" ">
      <marc:subfield code="a">1 online resource (ix, 384 pages).</marc:subfield>
    </marc:datafield>
    <marc:datafield tag="336" ind1=" " ind2=" ">
      <marc:subfield code="a">text</marc:subfield>
      <marc:subfield code="0">http://rdaregistry.info/termList/RDAContentType/10202rdamedia</marc:subfield>
    </marc:datafield>
    <marc:datafield tag="337" ind1=" " ind2=" ">
      <marc:subfield code="a">computer file</marc:subfield>
      <marc:subfield code="0">http://rdaregistry.info/termList/RDAMediaType/1003</marc:subfield>
      <marc:subfield code="2">rdamedia</marc:subfield>
    </marc:datafield>
    <marc:datafield tag="338" ind1=" " ind2=" ">
      <marc:subfield code="a">online resource</marc:subfield>
      <marc:subfield code="0">http://rdaregistry.info/termList/RDACarrierType/1018</marc:subfield>
      <marc:subfield code="2">rdacarrier</marc:subfield>
    </marc:datafield>
    <marc:datafield tag="380" ind1=" " ind2=" ">
      <marc:subfield code="a">novel</marc:subfield>
      <marc:subfield code="2">marcgt</marc:subfield>
      <marc:subfield code="1">http://id.loc.gov/vocabulary/marcgt/nov</marc:subfield>
    </marc:datafield>
    <marc:datafield tag="490" ind1="1" ind2=" ">
      <marc:subfield code="a">Vatta's war.</marc:subfield>
    </marc:datafield>
    <marc:datafield tag="520" ind1=" " ind2=" ">
      <marc:subfield code="a">Butt-kicking, take-no-prisoners heroine Kylara Vatta is back. Once the black-sheep scion of a prosperous merchant family, Kylara now leads a motley space force dedicated to the defeat of a rapacious pirate empire led by the mysterious Gammis Turek. After orchestrating a galaxy-wide failure of the communications network owned and maintained by the powerful ISC corporation, Turek and his marauders strike swiftly and without mercy. First they shatter Vatta Transport. Then they overrun entire star systems, growing stronger and bolder. No one is safe from the pirate fleet. But while they continue to move forward with their diabolical plan, they have made two critical mistakes. Their first mistake was killing Kylara Vatta's family. Their second mistake was leaving her alive. Now Kylara is going to make them pay. But with a "fleet" consisting of only three ships--including her flagship, the Vanguard, a souped-up merchant cruiser--Kylara needs allies, and fast. Because even though she possesses the same coveted communication technology as the enemy, she has nowhere near their numbers or firepower. Meanwhile, as Kylara's cousin Stella tries to bring together the shattered pieces of the family trading empire, new treachery is unfolding at ISC headquarters, where undercover agent Rafael Dunbarger, estranged son of the corporation's CEO, is trying to learn why the damaged network is not being repaired. What he discovers will send shock waves across the galaxy and crashing into Kylara's newly christened Space Defense Force at the worst possible moment.</marc:subfield>
    </marc:datafield>
    <marc:datafield tag="650" ind1=" " ind2="0">
      <marc:subfield code="a">Life on other planets</marc:subfield>
      <marc:subfield code="v">Fiction.</marc:subfield>
    </marc:datafield>
    <marc:datafield tag="650" ind1=" " ind2="0">
      <marc:subfield code="a">Space ships</marc:subfield>
      <marc:subfield code="v">Fiction.</marc:subfield>
    </marc:datafield>
    <marc:datafield tag="650" ind1=" " ind2="0">
      <marc:subfield code="a">Space warfare</marc:subfield>
      <marc:subfield code="v">Fiction.</marc:subfield>
    </marc:datafield>
    <marc:datafield tag="650" ind1=" " ind2="0">
      <marc:subfield code="a">Revenge</marc:subfield>
      <marc:subfield code="v">Fiction.</marc:subfield>
    </marc:datafield>
    <marc:datafield tag="650" ind1=" " ind2="7">
      <marc:subfield code="a">FICTION</marc:subfield>
      <marc:subfield code="x">General.</marc:subfield>
      <marc:subfield code="2">bisacsh.</marc:subfield>
    </marc:datafield>
    <marc:datafield tag="655" ind1=" " ind2="7">
      <marc:subfield code="a">Science fiction.</marc:subfield>
      <marc:subfield code="2">fast</marc:subfield>
      <marc:subfield code="0">(OCoLC)fst01726489.</marc:subfield>
    </marc:datafield>
    <marc:datafield tag="655" ind1=" " ind2="0">
      <marc:subfield code="a">Electronic books.</marc:subfield>
    </marc:datafield>
    <marc:datafield tag="655" ind1=" " ind2="7">
      <marc:subfield code="a">Fiction.</marc:subfield>
      <marc:subfield code="2">fast</marc:subfield>
      <marc:subfield code="0">(OCoLC)fst01423787.</marc:subfield>
    </marc:datafield>
    <marc:datafield tag="655" ind1=" " ind2="7">
      <marc:subfield code="a">Science fiction.</marc:subfield>
      <marc:subfield code="2">lcgft.</marc:subfield>
    </marc:datafield>
    <marc:datafield tag="710" ind1="2" ind2=" ">
      <marc:subfield code="a">OverDrive, Inc.</marc:subfield>
    </marc:datafield>
    <marc:datafield tag="776" ind1="0" ind2="8">
      <marc:subfield code="i">Print version:</marc:subfield>
      <marc:subfield code="z">0345491599</marc:subfield>
      <marc:subfield code="w">(DLC)  2006049858</marc:subfield>
      <marc:subfield code="w">(OCoLC)70408090.</marc:subfield>
    </marc:datafield>
    <marc:datafield tag="800" ind1="1" ind2=" ">
      <marc:subfield code="a">Moon, Elizabeth.</marc:subfield>
      <marc:subfield code="t">Vatta's war.</marc:subfield>
    </marc:datafield>
    <marc:datafield tag="856" ind1="4" ind2="0">
      <marc:subfield code="u">http://link.overdrive.com/?websiteID=37&amp;titleID=107523</marc:subfield>
      <marc:subfield code="y">Access eNYPL</marc:subfield>
    </marc:datafield>
    <marc:datafield tag="856" ind1="4" ind2=" ">
      <marc:subfield code="3">Image</marc:subfield>
      <marc:subfield code="u">http://images.contentreserve.com/ImageType-100/0111-1/{24D7B71F-B100-40FB-8F5D-D00A441116D1}Img100.jpg</marc:subfield>
    </marc:datafield>
  </marc:record>