
  <marc:record>
    <marc:leader>04981cam a22005058i 4500</marc:leader>
    <marc:controlfield tag="001">959922635</marc:controlfield>
    <marc:controlfield tag="005">20170418185504.1</marc:controlfield>
    <marc:controlfield tag="007">cr |||||||||||</marc:controlfield>
    <marc:controlfield tag="008">161003s2017    nyu    jo     000 1 eng  </marc:controlfield>
    <marc:datafield tag="010" ind1=" " ind2=" ">
      <marc:subfield code="a">  2016045700</marc:subfield>
    </marc:datafield>
    <marc:datafield tag="020" ind1=" " ind2=" ">
      <marc:subfield code="a">9781101887325</marc:subfield>
      <marc:subfield code="q">(electronic bk.)</marc:subfield>
    </marc:datafield>
    <marc:datafield tag="020" ind1=" " ind2=" ">
      <marc:subfield code="a">110188732X</marc:subfield>
      <marc:subfield code="q">(electronic bk.)</marc:subfield>
    </marc:datafield>
    <marc:datafield tag="035" ind1=" " ind2=" ">
      <marc:subfield code="a">(OCoLC)959922635</marc:subfield>
    </marc:datafield>
    <marc:datafield tag="037" ind1=" " ind2=" ">
      <marc:subfield code="a">E4EB33EF-D7E6-4F00-B188-04DB20A42315</marc:subfield>
      <marc:subfield code="b">OverDrive, Inc.</marc:subfield>
      <marc:subfield code="n">http://www.overdrive.com</marc:subfield>
    </marc:datafield>
    <marc:datafield tag="040" ind1=" " ind2=" ">
      <marc:subfield code="a">DLC</marc:subfield>
      <marc:subfield code="b">eng</marc:subfield>
      <marc:subfield code="e">rda</marc:subfield>
      <marc:subfield code="c">DLC</marc:subfield>
      <marc:subfield code="d">OCLCQ</marc:subfield>
      <marc:subfield code="d">YDX</marc:subfield>
      <marc:subfield code="d">TEFOD</marc:subfield>
      <marc:subfield code="d">RECBK</marc:subfield>
    </marc:datafield>
    <marc:datafield tag="042" ind1=" " ind2=" ">
      <marc:subfield code="a">pcc</marc:subfield>
    </marc:datafield>
    <marc:datafield tag="049" ind1=" " ind2=" ">
      <marc:subfield code="a">BNYC</marc:subfield>
    </marc:datafield>
    <marc:datafield tag="050" ind1="1" ind2="0">
      <marc:subfield code="a">PS3563.O557</marc:subfield>
    </marc:datafield>
    <marc:datafield tag="082" ind1="0" ind2="0">
      <marc:subfield code="a">813/.54</marc:subfield>
      <marc:subfield code="2">23</marc:subfield>
    </marc:datafield>
    <marc:datafield tag="084" ind1=" " ind2=" ">
      <marc:subfield code="a">FIC028030</marc:subfield>
      <marc:subfield code="a">FIC028020</marc:subfield>
      <marc:subfield code="a">FIC028010</marc:subfield>
      <marc:subfield code="2">bisacsh</marc:subfield>
    </marc:datafield>
    <marc:datafield tag="091" ind1=" " ind2=" ">
      <marc:subfield code="a">eNYPL Book</marc:subfield>
    </marc:datafield>
    <marc:datafield tag="100" ind1="1" ind2=" ">
      <marc:subfield code="a">Moon, Elizabeth</marc:subfield>
      <marc:subfield code="d">1945-</marc:subfield>
      <marc:subfield code="4">aut</marc:subfield>
      <marc:subfield code="1">http://viaf.org/viaf/100880163</marc:subfield>
    </marc:datafield>
    <marc:datafield tag="240" ind1="1" ind2="0">
      <marc:subfield code="a">Cold welcome</marc:subfield>
      <marc:subfield code="1">https://www.wikidata.org/wiki/Q42969332</marc:subfield>
    </marc:datafield>
    <marc:datafield tag="245" ind1="1" ind2="0">
      <marc:subfield code="a">Cold welcome /</marc:subfield>
      <marc:subfield code="c">Elizabeth Moon.</marc:subfield>
    </marc:datafield>
    <marc:datafield tag="250" ind1=" " ind2=" ">
      <marc:subfield code="a">First edition.</marc:subfield>
    </marc:datafield>
    <marc:datafield tag="263" ind1=" " ind2=" ">
      <marc:subfield code="a">1704.</marc:subfield>
    </marc:datafield>
    <marc:datafield tag="264" ind1=" " ind2="1">
      <marc:subfield code="a">New York :</marc:subfield>
      <marc:subfield code="b">Del Rey,</marc:subfield>
      <marc:subfield code="c">[2017]</marc:subfield>
    </marc:datafield>
    <marc:datafield tag="300" ind1=" " ind2=" ">
      <marc:subfield code="a">1 online resource.</marc:subfield>
    </marc:datafield>
    <marc:datafield tag="336" ind1=" " ind2=" ">
      <marc:subfield code="a">text</marc:subfield>
      <marc:subfield code="0">http://rdaregistry.info/termList/RDAContentType/10202rdamedia</marc:subfield>
    </marc:datafield>
    <marc:datafield tag="337" ind1=" " ind2=" ">
      <marc:subfield code="a">computer file</marc:subfield>
      <marc:subfield code="0">http://rdaregistry.info/termList/RDAMediaType/1003</marc:subfield>
      <marc:subfield code="2">rdamedia</marc:subfield>
    </marc:datafield>
    <marc:datafield tag="338" ind1=" " ind2=" ">
      <marc:subfield code="a">online resource</marc:subfield>
      <marc:subfield code="0">http://rdaregistry.info/termList/RDACarrierType/1018</marc:subfield>
      <marc:subfield code="2">rdacarrier</marc:subfield>
    </marc:datafield>
    <marc:datafield tag="380" ind1=" " ind2=" ">
      <marc:subfield code="a">novel</marc:subfield>
      <marc:subfield code="2">marcgt</marc:subfield>
      <marc:subfield code="1">http://id.loc.gov/vocabulary/marcgt/nov</marc:subfield>
    </marc:datafield>
    <marc:datafield tag="520" ind1=" " ind2=" ">
      <marc:subfield code="a">"After nearly a decade away, Nebula Award-winning author Elizabeth Moon makes a triumphant return to science fiction with a thrilling new series featuring the daring hero of her acclaimed Vatta's War sequence. Summoned to the home planet of her family's business empire, space-fleet commander Kylara Vatta is told to expect a hero's welcome. But instead, she is thrown into danger unlike any other she has faced and finds herself isolated, unable to communicate with the outside world, commanding a motley group of unfamiliar troops, and struggling day by day to survive in a deadly environment with sabotaged gear. Only her undeniable talent for command can give her ragtag band a fighting chance. Yet even as Ky leads her team from one crisis to another, her family and friends refuse to give up hope, endeavoring to mount a rescue from halfway around the planet--a task that is complicated as Ky and her supporters find secrets others will kill to protect: a conspiracy infecting both government and military that threatens not only her own group's survival but her entire home planet. Praise for Elizabeth Moon Trading in Danger "A mix of space opera, military science fiction and human drama, this is an exciting and often touching novel."--RT Book Reviews Marque and Reprisal "Excellent plotting and characters support the utterly realistic action sequences: swift, jolting, confusing, and merciless. It's a corker!"--Kirkus Reviews Engaging the Enemy "Moon has created a richly imagined universe of different cultures, replete with intriguing characters and the sense of unlimited possibility that characterizes the most appealing science fiction."--School Library Journal Command Decision "One of scifi's best military space series. confirms Moon's place with Lois McMaster Bujold and David Weber in the top tier of turn-of-the-millennium military SF writers."--Syfy Victory Conditions "Rip-roaring action and intriguing science and tactics distinguish Nebula-winner Moon's fifth and final Vatta's War installment. A fine and fitting conclusion to Moon's grand space opera tour de force."--Publishers Weekly"--</marc:subfield>
      <marc:subfield code="c">Provided by publisher.</marc:subfield>
    </marc:datafield>
    <marc:datafield tag="520" ind1=" " ind2=" ">
      <marc:subfield code="a">"Kylara Vatta is summoned back to the world of Slotter Key, the home planet of the Vatta empire. Ky had never meant to return ... but sometimes family summons cannot be ignored. Yet nothing about this trip will go as planned. When her shuttle is sabotaged, she ends up crashed in artic waters along with a desperate handful of strangers. It falls to Ky, as ranking officer, to help them survive and find land, but when they arrive on a frozen island that, until now, has always been known as a terraforming failure, what she discovers there is shocking. And now she must not only solve the mystery of who sabotaged her ship, but what it has to do with the secrets a shadowy government faction seems more than willing to kill to keep hidden"--</marc:subfield>
      <marc:subfield code="c">Provided by publisher.</marc:subfield>
    </marc:datafield>
    <marc:datafield tag="588" ind1="0" ind2=" ">
      <marc:subfield code="a">Print version record and CIP data provided by publisher; resource not viewed.</marc:subfield>
    </marc:datafield>
    <marc:datafield tag="650" ind1=" " ind2="7">
      <marc:subfield code="a">FICTION</marc:subfield>
      <marc:subfield code="x">Science Fiction</marc:subfield>
      <marc:subfield code="x">Space Opera.</marc:subfield>
      <marc:subfield code="2">bisacsh.</marc:subfield>
    </marc:datafield>
    <marc:datafield tag="650" ind1=" " ind2="7">
      <marc:subfield code="a">FICTION</marc:subfield>
      <marc:subfield code="x">Science Fiction</marc:subfield>
      <marc:subfield code="x">High Tech.</marc:subfield>
      <marc:subfield code="2">bisacsh.</marc:subfield>
    </marc:datafield>
    <marc:datafield tag="650" ind1=" " ind2="7">
      <marc:subfield code="a">FICTION</marc:subfield>
      <marc:subfield code="x">Science Fiction</marc:subfield>
      <marc:subfield code="x">Adventure.</marc:subfield>
      <marc:subfield code="2">bisacsh.</marc:subfield>
    </marc:datafield>
    <marc:datafield tag="650" ind1=" " ind2="0">
      <marc:subfield code="a">Life on other planets</marc:subfield>
      <marc:subfield code="v">Fiction.</marc:subfield>
    </marc:datafield>
    <marc:datafield tag="650" ind1=" " ind2="0">
      <marc:subfield code="a">Space warfare</marc:subfield>
      <marc:subfield code="v">Fiction.</marc:subfield>
    </marc:datafield>
    <marc:datafield tag="655" ind1=" " ind2="7">
      <marc:subfield code="a">Science fiction.</marc:subfield>
      <marc:subfield code="2">lcgft.</marc:subfield>
    </marc:datafield>
    <marc:datafield tag="655" ind1=" " ind2="0">
      <marc:subfield code="a">Electronic books.</marc:subfield>
    </marc:datafield>
    <marc:datafield tag="710" ind1="2" ind2=" ">
      <marc:subfield code="a">OverDrive, Inc.</marc:subfield>
    </marc:datafield>
    <marc:datafield tag="776" ind1="0" ind2="8">
      <marc:subfield code="i">Print version:</marc:subfield>
      <marc:subfield code="a">Moon, Elizabeth, author.</marc:subfield>
      <marc:subfield code="t">Cold welcome.</marc:subfield>
      <marc:subfield code="b">First Edition.</marc:subfield>
      <marc:subfield code="d">New York : Del Rey, [2017]</marc:subfield>
      <marc:subfield code="z">9781101887318</marc:subfield>
      <marc:subfield code="w">(DLC)  2016035820.</marc:subfield>
    </marc:datafield>
    <marc:datafield tag="856" ind1="4" ind2="0">
      <marc:subfield code="u">http://link.overdrive.com/?websiteID=37&amp;titleID=2998998</marc:subfield>
      <marc:subfield code="y">Access eNYPL</marc:subfield>
    </marc:datafield>
  </marc:record>