
  <marc:record>
    <marc:leader>02095cam a2200457Ii 4500</marc:leader>
    <marc:controlfield tag="001">19032270</marc:controlfield>
    <marc:controlfield tag="003">OCoLC</marc:controlfield>
    <marc:controlfield tag="005">20190211024408.0</marc:controlfield>
    <marc:controlfield tag="008">890118t20101989nyu    j      000 f eng d</marc:controlfield>
    <marc:datafield tag="010" ind1=" " ind2=" ">
      <marc:subfield code="a">  2002554208</marc:subfield>
    </marc:datafield>
    <marc:datafield tag="020" ind1=" " ind2=" ">
      <marc:subfield code="a">0671697986</marc:subfield>
      <marc:subfield code="q">(paperback)</marc:subfield>
    </marc:datafield>
    <marc:datafield tag="020" ind1=" " ind2=" ">
      <marc:subfield code="a">9780671697983</marc:subfield>
      <marc:subfield code="q">(paperback)</marc:subfield>
    </marc:datafield>
    <marc:datafield tag="035" ind1=" " ind2=" ">
      <marc:subfield code="a">(OCoLC)19032270</marc:subfield>
    </marc:datafield>
    <marc:datafield tag="040" ind1=" " ind2=" ">
      <marc:subfield code="a">VIA</marc:subfield>
      <marc:subfield code="b">eng</marc:subfield>
      <marc:subfield code="e">rda</marc:subfield>
      <marc:subfield code="c">VIA</marc:subfield>
      <marc:subfield code="d">BGU</marc:subfield>
      <marc:subfield code="d">OCLCQ</marc:subfield>
      <marc:subfield code="d">DLC</marc:subfield>
      <marc:subfield code="d">OCLCQ</marc:subfield>
      <marc:subfield code="d">BAKER</marc:subfield>
      <marc:subfield code="d">BTCTA</marc:subfield>
      <marc:subfield code="d">YDXCP</marc:subfield>
      <marc:subfield code="d">GRR</marc:subfield>
      <marc:subfield code="d">AU@</marc:subfield>
      <marc:subfield code="d">CRU</marc:subfield>
      <marc:subfield code="d">BGTON</marc:subfield>
      <marc:subfield code="d">OCLCQ</marc:subfield>
      <marc:subfield code="d">OCLCF</marc:subfield>
      <marc:subfield code="d">OCLCQ</marc:subfield>
      <marc:subfield code="d">OCLCO</marc:subfield>
      <marc:subfield code="d">DILBD</marc:subfield>
      <marc:subfield code="d">WEA</marc:subfield>
      <marc:subfield code="d">SFR</marc:subfield>
      <marc:subfield code="d">OCLCQ</marc:subfield>
      <marc:subfield code="d">CDS</marc:subfield>
      <marc:subfield code="d">OCL</marc:subfield>
      <marc:subfield code="d">MMK</marc:subfield>
      <marc:subfield code="d">OCLCO</marc:subfield>
      <marc:subfield code="d">OCL</marc:subfield>
      <marc:subfield code="d">KYC</marc:subfield>
      <marc:subfield code="d">NYP</marc:subfield>
    </marc:datafield>
    <marc:datafield tag="049" ind1=" " ind2=" ">
      <marc:subfield code="a">NYPP</marc:subfield>
    </marc:datafield>
    <marc:datafield tag="050" ind1="0" ind2="4">
      <marc:subfield code="a">PS3563.O557</marc:subfield>
      <marc:subfield code="b">O27 1989</marc:subfield>
    </marc:datafield>
    <marc:datafield tag="050" ind1="1" ind2="4">
      <marc:subfield code="a">PS3563.O52873</marc:subfield>
      <marc:subfield code="b">O27 1989</marc:subfield>
    </marc:datafield>
    <marc:datafield tag="082" ind1="0" ind2="0">
      <marc:subfield code="a">813.54</marc:subfield>
      <marc:subfield code="2">22</marc:subfield>
    </marc:datafield>
    <marc:datafield tag="091" ind1=" " ind2=" ">
      <marc:subfield code="a">SCI FI</marc:subfield>
      <marc:subfield code="c">MOON</marc:subfield>
    </marc:datafield>
    <marc:datafield tag="100" ind1="1" ind2=" ">
      <marc:subfield code="a">Moon, Elizabeth</marc:subfield>
      <marc:subfield code="d">1945-</marc:subfield>
      <marc:subfield code="4">aut</marc:subfield>
      <marc:subfield code="1">http://viaf.org/viaf/100880163</marc:subfield>
    </marc:datafield>
    <marc:datafield tag="240" ind1="1" ind2="0">
      <marc:subfield code="a">Oath of gold</marc:subfield>
      <marc:subfield code="1">http://viaf.org/viaf/3240152502721410800005</marc:subfield>
    </marc:datafield>
    <marc:datafield tag="245" ind1="1" ind2="0">
      <marc:subfield code="a">Oath of gold /</marc:subfield>
      <marc:subfield code="c">Elizabeth Moon.</marc:subfield>
    </marc:datafield>
    <marc:datafield tag="264" ind1=" " ind2="1">
      <marc:subfield code="a">New York :</marc:subfield>
      <marc:subfield code="b">Baen Books,</marc:subfield>
      <marc:subfield code="c">2010, ©1989.</marc:subfield>
    </marc:datafield>
    <marc:datafield tag="300" ind1=" " ind2=" ">
      <marc:subfield code="a">501 pages ;</marc:subfield>
      <marc:subfield code="c">18 cm.</marc:subfield>
    </marc:datafield>
    <marc:datafield tag="336" ind1=" " ind2=" ">
      <marc:subfield code="a">text</marc:subfield>
      <marc:subfield code="0">http://rdaregistry.info/termList/RDAContentType/1020</marc:subfield>
      <marc:subfield code="2">rdacontent</marc:subfield>
    </marc:datafield>
    <marc:datafield tag="337" ind1=" " ind2=" ">
      <marc:subfield code="a">unmediated</marc:subfield>
      <marc:subfield code="0">http://rdaregistry.info/termList/RDAMediaType/1007</marc:subfield>
      <marc:subfield code="2">rdamedia</marc:subfield>
    </marc:datafield>
    <marc:datafield tag="338" ind1=" " ind2=" ">
      <marc:subfield code="a">volume</marc:subfield>
      <marc:subfield code="0">http://rdaregistry.info/termList/RDACarrierType/1001</marc:subfield>
      <marc:subfield code="2">rdacarrier</marc:subfield>
    </marc:datafield>
    <marc:datafield tag="380" ind1=" " ind2=" ">
      <marc:subfield code="a">novel</marc:subfield>
      <marc:subfield code="2">marcgt</marc:subfield>
      <marc:subfield code="1">http://id.loc.gov/vocabulary/marcgt/nov</marc:subfield>
    </marc:datafield>
    <marc:datafield tag="490" ind1="1" ind2=" ">
      <marc:subfield code="a">The Deed of Paksenarrion ;</marc:subfield>
      <marc:subfield code="v">Book III.</marc:subfield>
    </marc:datafield>
    <marc:datafield tag="490" ind1="0" ind2=" ">
      <marc:subfield code="a">Baen fantasy.</marc:subfield>
    </marc:datafield>
    <marc:datafield tag="500" ind1=" " ind2=" ">
      <marc:subfield code="a">"A Baen books original."</marc:subfield>
    </marc:datafield>
    <marc:datafield tag="530" ind1=" " ind2=" ">
      <marc:subfield code="a">Also issued online.</marc:subfield>
    </marc:datafield>
    <marc:datafield tag="520" ind1=" " ind2=" ">
      <marc:subfield code="a">The final book in "The Deed of Paksenarrion" trilogy finds Paks waiting to fulfill her destiny to be a palladin by serving as an ordinary soldier in the Duke's company, where her growing powers alert her that evil forces are closing in on the Duke.</marc:subfield>
    </marc:datafield>
    <marc:datafield tag="650" ind1=" " ind2="0">
      <marc:subfield code="a">Paksenarrion (Fictitious character)</marc:subfield>
      <marc:subfield code="v">Fiction.</marc:subfield>
    </marc:datafield>
    <marc:datafield tag="650" ind1=" " ind2="0">
      <marc:subfield code="a">Women soldiers</marc:subfield>
      <marc:subfield code="v">Fiction.</marc:subfield>
    </marc:datafield>
    <marc:datafield tag="650" ind1=" " ind2="0">
      <marc:subfield code="a">Mercenary troops</marc:subfield>
      <marc:subfield code="v">Fiction.</marc:subfield>
    </marc:datafield>
    <marc:datafield tag="650" ind1=" " ind2="0">
      <marc:subfield code="a">Fantasy fiction, American.</marc:subfield>
    </marc:datafield>
    <marc:datafield tag="655" ind1=" " ind2="7">
      <marc:subfield code="a">Fantasy fiction.</marc:subfield>
      <marc:subfield code="2">fast</marc:subfield>
      <marc:subfield code="0">(OCoLC)fst01726607.</marc:subfield>
    </marc:datafield>
    <marc:datafield tag="655" ind1=" " ind2="7">
      <marc:subfield code="a">Fiction.</marc:subfield>
      <marc:subfield code="2">fast</marc:subfield>
      <marc:subfield code="0">(OCoLC)fst01423787.</marc:subfield>
    </marc:datafield>
    <marc:datafield tag="655" ind1=" " ind2="7">
      <marc:subfield code="a">Fantasy fiction.</marc:subfield>
      <marc:subfield code="2">lcgft.</marc:subfield>
    </marc:datafield>
    <marc:datafield tag="800" ind1="1" ind2="0">
      <marc:subfield code="a">Moon, Elizabeth.</marc:subfield>
      <marc:subfield code="t">Deed of Paksenarrion ;</marc:subfield>
      <marc:subfield code="v">bk. 3.</marc:subfield>
    </marc:datafield>
  </marc:record>