
  <marc:record>
    <marc:leader>01961cgm a22003857c 4500</marc:leader>
    <marc:controlfield tag="001">991518291364702201</marc:controlfield>
    <marc:controlfield tag="005">20160519160653.0</marc:controlfield>
    <marc:controlfield tag="007">vd |s||||</marc:controlfield>
    <marc:controlfield tag="008">151028s2014    xx ||||j||||||#   v|eng|d</marc:controlfield>
    <marc:datafield tag="035" ind1=" " ind2=" ">
      <marc:subfield code="a">151829136-47bibsys_network</marc:subfield>
    </marc:datafield>
    <marc:datafield tag="035" ind1=" " ind2=" ">
      <marc:subfield code="a">(NO-TrBIB)151829136</marc:subfield>
    </marc:datafield>
    <marc:datafield tag="040" ind1=" " ind2=" ">
      <marc:subfield code="a">NO-TrBIB</marc:subfield>
      <marc:subfield code="b">nob</marc:subfield>
      <marc:subfield code="e">katreg</marc:subfield>
    </marc:datafield>
    <marc:datafield tag="130" ind1=" " ind2=" ">
      <marc:subfield code="a">Percy Jackson : Sea of monsters</marc:subfield>
      <marc:subfield code="1">http://viaf.org/viaf/309312232</marc:subfield>
    </marc:datafield>
    <marc:datafield tag="240" ind1="1" ind2="0">
      <marc:subfield code="a">Sea of monsters</marc:subfield>
      <marc:subfield code="1">http://viaf.org/viaf/309312232</marc:subfield>
    </marc:datafield>
    <marc:datafield tag="245" ind1="0" ind2="0">
      <marc:subfield code="a">Percy Jackson :</marc:subfield>
      <marc:subfield code="b">Monsterhavet</marc:subfield>
      <marc:subfield code="c">based on the novel by Rick Riordan ; screenplay by Marc Guggenheim ; directed by Thor Freudenhal</marc:subfield>
      <marc:subfield code="h">[videoopptak]</marc:subfield>
    </marc:datafield>
    <marc:datafield tag="246" ind1="1" ind2=" ">
      <marc:subfield code="i">Originaltittel:</marc:subfield>
      <marc:subfield code="t">Percy Jackson : sea of monsters.</marc:subfield>
    </marc:datafield>
    <marc:datafield tag="260" ind1=" " ind2=" ">
      <marc:subfield code="a">[Oslo]</marc:subfield>
      <marc:subfield code="b">Fox-Paramount Home Entertainment</marc:subfield>
      <marc:subfield code="c">cop. 2014</marc:subfield>
    </marc:datafield>
    <marc:datafield tag="300" ind1=" " ind2=" ">
      <marc:subfield code="a">1 videoplate (Blu-Ray) (106 min)</marc:subfield>
      <marc:subfield code="b">lyd, kol.</marc:subfield>
    </marc:datafield>
    <marc:datafield tag="336" ind1=" " ind2=" ">
      <marc:subfield code="a">moving image</marc:subfield>
      <marc:subfield code="b">txt</marc:subfield>
      <marc:subfield code="0">http://rdaregistry.info/termList/RDAContentType/1020</marc:subfield>
      <marc:subfield code="2">rdacontent</marc:subfield>
    </marc:datafield>
    <marc:datafield tag="337" ind1=" " ind2=" ">
      <marc:subfield code="a">video</marc:subfield>
      <marc:subfield code="0">http://rdaregistry.info/termList/RDAMediaType/1008</marc:subfield>
      <marc:subfield code="2">rdamedia</marc:subfield>
    </marc:datafield>
    <marc:datafield tag="338" ind1=" " ind2=" ">
      <marc:subfield code="a">video disc</marc:subfield>
      <marc:subfield code="0">http://rdaregistry.info/termList/RDACarrierType/1060</marc:subfield>
      <marc:subfield code="2">rdacarrier</marc:subfield>
    </marc:datafield>
    <marc:datafield tag="380" ind1=" " ind2=" ">
      <marc:subfield code="a">motion picture</marc:subfield>
      <marc:subfield code="2">marcgt</marc:subfield>
      <marc:subfield code="1">http://id.loc.gov/authorities/genreForms/gf2011026406</marc:subfield>
    </marc:datafield>
    <marc:datafield tag="385" ind1=" " ind2=" ">
      <marc:subfield code="a">Barn/ungdom</marc:subfield>
      <marc:subfield code="b">bu</marc:subfield>
      <marc:subfield code="b">u</marc:subfield>
      <marc:subfield code="b">mu</marc:subfield>
      <marc:subfield code="m">Age group</marc:subfield>
      <marc:subfield code="2">nortarget</marc:subfield>
    </marc:datafield>
    <marc:datafield tag="500" ind1=" " ind2=" ">
      <marc:subfield code="a">Eventyr, fantasy.</marc:subfield>
    </marc:datafield>
    <marc:datafield tag="500" ind1=" " ind2=" ">
      <marc:subfield code="a">Aldersgrense: 11 år</marc:subfield>
    </marc:datafield>
    <marc:datafield tag="500" ind1=" " ind2=" ">
      <marc:subfield code="a">Kodet for sone A og B.</marc:subfield>
    </marc:datafield>
    <marc:datafield tag="500" ind1=" " ind2=" ">
      <marc:subfield code="a">Engelsk tale. Valgfrie undertekster på norsk og engelsk.</marc:subfield>
    </marc:datafield>
    <marc:datafield tag="500" ind1=" " ind2=" ">
      <marc:subfield code="a">Produksjon: USA : Fox 2000 Pictures, 2013.</marc:subfield>
    </marc:datafield>
    <marc:datafield tag="500" ind1=" " ind2=" ">
      <marc:subfield code="a">Medietilsynet : 173020</marc:subfield>
    </marc:datafield>
    <marc:datafield tag="700" ind1="1" ind2=" ">
      <marc:subfield code="a">Guggenheim, Marc.</marc:subfield>
      <marc:subfield code="4">aus</marc:subfield>
      <marc:subfield code="1">http://viaf.org/viaf/42161973</marc:subfield>
    </marc:datafield>
    <marc:datafield tag="700" ind1="1" ind2=" ">
      <marc:subfield code="a">Riordan, Rick,</marc:subfield>
      <marc:subfield code="d">1964-</marc:subfield>
      <marc:subfield code="4">ant</marc:subfield>
      <marc:subfield code="1">http://viaf.org/viaf/60214017</marc:subfield>
    </marc:datafield>
    <marc:datafield tag="700" ind1="1" ind2=" ">
      <marc:subfield code="a">Freudenhal, Thor.</marc:subfield>
      <marc:subfield code="4">drt</marc:subfield>
      <marc:subfield code="1">http://viaf.org/viaf/107149196496774791823</marc:subfield>
    </marc:datafield>
    <marc:datafield tag="730" ind1="0" ind2="2">
      <marc:subfield code="a">Sea of monsters</marc:subfield>
      <marc:subfield code="1">http://viaf.org/viaf/309312232</marc:subfield>
      <marc:subfield code="i">Motion picture adaptation of (work):</marc:subfield>
      <marc:subfield code="4">http://rdaregistry.info/Elements/w/P10129</marc:subfield>
    </marc:datafield>
    <marc:datafield tag="740" ind1="0" ind2=" ">
      <marc:subfield code="a">Percy Jackson</marc:subfield>
    </marc:datafield>
    <marc:datafield tag="856" ind1="4" ind2="2">
      <marc:subfield code="u">http://www.imdb.com/title/tt1854564/</marc:subfield>
      <marc:subfield code="3">Mer om filmen</marc:subfield>
    </marc:datafield>
  </marc:record>