
  <marc:record>
    <marc:leader>01935cgm a2200373 c 4500</marc:leader>
    <marc:controlfield tag="001">999920082165802201</marc:controlfield>
    <marc:controlfield tag="005">20160317132337.0</marc:controlfield>
    <marc:controlfield tag="007">vd csa|||</marc:controlfield>
    <marc:controlfield tag="008">130131p20132010no 118|j||||||    v|eng|d</marc:controlfield>
    <marc:datafield tag="028" ind1="4" ind2="2">
      <marc:subfield code="a">99141775</marc:subfield>
      <marc:subfield code="b">FPHE</marc:subfield>
    </marc:datafield>
    <marc:datafield tag="040" ind1=" " ind2=" ">
      <marc:subfield code="a">NO-TrBIB</marc:subfield>
      <marc:subfield code="b">nob</marc:subfield>
      <marc:subfield code="e">katreg</marc:subfield>
    </marc:datafield>
    <marc:datafield tag="041" ind1=" " ind2=" ">
      <marc:subfield code="a">eng</marc:subfield>
      <marc:subfield code="a">nob</marc:subfield>
      <marc:subfield code="j">nob</marc:subfield>
    </marc:datafield>
    <marc:datafield tag="240" ind1="1" ind2="0">
      <marc:subfield code="a">Percy Jackson and the lightning thief</marc:subfield>
      <marc:subfield code="1">http://viaf.org/viaf/3592148209308100460005</marc:subfield>
    </marc:datafield>
    <marc:datafield tag="245" ind1="0" ind2="0">
      <marc:subfield code="a">Percy Jackson and the Olympians :</marc:subfield>
      <marc:subfield code="b">the lightning thief</marc:subfield>
      <marc:subfield code="c">screenplay by Craig Titley ; directed by Chris Columbus</marc:subfield>
      <marc:subfield code="h">[videoopptak]</marc:subfield>
    </marc:datafield>
    <marc:datafield tag="260" ind1=" " ind2=" ">
      <marc:subfield code="a">[S.l.]</marc:subfield>
      <marc:subfield code="b">Fox-Paramount Home Entertainment</marc:subfield>
      <marc:subfield code="c">cop. 2013</marc:subfield>
    </marc:datafield>
    <marc:datafield tag="300" ind1=" " ind2=" ">
      <marc:subfield code="a">1 plate (Blu-ray) (1 t 58 min)</marc:subfield>
      <marc:subfield code="b">lyd, kol.</marc:subfield>
    </marc:datafield>
    <marc:datafield tag="336" ind1=" " ind2=" ">
      <marc:subfield code="a">moving image</marc:subfield>
      <marc:subfield code="b">txt</marc:subfield>
      <marc:subfield code="0">http://rdaregistry.info/termList/RDAContentType/1020</marc:subfield>
      <marc:subfield code="2">rdacontent</marc:subfield>
    </marc:datafield>
    <marc:datafield tag="337" ind1=" " ind2=" ">
      <marc:subfield code="a">video</marc:subfield>
      <marc:subfield code="0">http://rdaregistry.info/termList/RDAMediaType/1008</marc:subfield>
      <marc:subfield code="2">rdamedia</marc:subfield>
    </marc:datafield>
    <marc:datafield tag="338" ind1=" " ind2=" ">
      <marc:subfield code="a">video disc</marc:subfield>
      <marc:subfield code="0">http://rdaregistry.info/termList/RDACarrierType/1060</marc:subfield>
      <marc:subfield code="2">rdacarrier</marc:subfield>
    </marc:datafield>
    <marc:datafield tag="380" ind1=" " ind2=" ">
      <marc:subfield code="a">motion picture</marc:subfield>
      <marc:subfield code="2">marcgt</marc:subfield>
      <marc:subfield code="1">http://id.loc.gov/authorities/genreForms/gf2011026406</marc:subfield>
    </marc:datafield>
    <marc:datafield tag="385" ind1=" " ind2=" ">
      <marc:subfield code="a">Barn/ungdom</marc:subfield>
      <marc:subfield code="b">bu</marc:subfield>
      <marc:subfield code="b">u</marc:subfield>
      <marc:subfield code="b">mu</marc:subfield>
      <marc:subfield code="m">Age group</marc:subfield>
      <marc:subfield code="2">nortarget</marc:subfield>
    </marc:datafield>
    <marc:datafield tag="500" ind1=" " ind2=" ">
      <marc:subfield code="a">Norsk tittel: Percy Jackson &amp; lyntyven</marc:subfield>
    </marc:datafield>
    <marc:datafield tag="500" ind1=" " ind2=" ">
      <marc:subfield code="a">Filmen bygger på en roman av Rick Riordan</marc:subfield>
    </marc:datafield>
    <marc:datafield tag="500" ind1=" " ind2=" ">
      <marc:subfield code="a">Produksjon: USA, 2010</marc:subfield>
    </marc:datafield>
    <marc:datafield tag="500" ind1=" " ind2=" ">
      <marc:subfield code="a">Kodet for region B og C</marc:subfield>
    </marc:datafield>
    <marc:datafield tag="500" ind1=" " ind2=" ">
      <marc:subfield code="a">Ekstramateriale: The infirmary, Percy meets Annabeth, Grover jumps into spa, Meet the demigods m.m.</marc:subfield>
    </marc:datafield>
    <marc:datafield tag="500" ind1=" " ind2=" ">
      <marc:subfield code="a">Medietilsynet: 149371</marc:subfield>
    </marc:datafield>
    <marc:datafield tag="546" ind1=" " ind2=" ">
      <marc:subfield code="a">Engelsk tale, norske undertekster valgbare</marc:subfield>
    </marc:datafield>
    <marc:datafield tag="653" ind1=" " ind2="0">
      <marc:subfield code="a">fantasy</marc:subfield>
    </marc:datafield>
    <marc:datafield tag="730" ind1="0" ind2="2">
      <marc:subfield code="a">Lightning thief</marc:subfield>
      <marc:subfield code="1">http://viaf.org/viaf/309352190</marc:subfield>
      <marc:subfield code="i">Motion picture adaptation of (work):</marc:subfield>
      <marc:subfield code="4">http://rdaregistry.info/Elements/w/P10129</marc:subfield>
    </marc:datafield>
    <marc:datafield tag="700" ind1="1" ind2=" ">
      <marc:subfield code="a">Titley, Craig</marc:subfield>
      <marc:subfield code="4">aus</marc:subfield>
      <marc:subfield code="1">http://viaf.org/viaf/15005455</marc:subfield>
      <marc:subfield code="4">drt</marc:subfield>
    </marc:datafield>
    <marc:datafield tag="700" ind1="1" ind2=" ">
      <marc:subfield code="a">Columbus, Chris,</marc:subfield>
      <marc:subfield code="d">1958-</marc:subfield>
      <marc:subfield code="4">drt</marc:subfield>
      <marc:subfield code="1">http://viaf.org/viaf/119396580</marc:subfield>
      <marc:subfield code="4">drt</marc:subfield>
    </marc:datafield>
    <marc:datafield tag="700" ind1="1" ind2=" ">
      <marc:subfield code="a">Riordan, Rick,</marc:subfield>
      <marc:subfield code="d">1964-</marc:subfield>
      <marc:subfield code="4">ant</marc:subfield>
      <marc:subfield code="1">http://viaf.org/viaf/60214017</marc:subfield>
      <marc:subfield code="4">ant</marc:subfield>
    </marc:datafield>
    <marc:datafield tag="856" ind1="4" ind2="2">
      <marc:subfield code="3">Mer om filmen</marc:subfield>
      <marc:subfield code="u">http://www.imdb.com/title/tt0814255/</marc:subfield>
    </marc:datafield>
  </marc:record>