
  <marc:record>
    <marc:leader>01413cam a2200289 c 4500</marc:leader>
    <marc:controlfield tag="001">991224806194702201</marc:controlfield>
    <marc:controlfield tag="005">20130131123124.0</marc:controlfield>
    <marc:controlfield tag="007">ta</marc:controlfield>
    <marc:controlfield tag="008">130131s2006    xx#||||j||||||000|f|eng|d</marc:controlfield>
    <marc:datafield tag="020" ind1=" " ind2=" ">
      <marc:subfield code="a">9780141319131</marc:subfield>
      <marc:subfield code="q">h.</marc:subfield>
    </marc:datafield>
    <marc:datafield tag="035" ind1=" " ind2=" ">
      <marc:subfield code="a">122480619-47bibsys_network</marc:subfield>
    </marc:datafield>
    <marc:datafield tag="035" ind1=" " ind2=" ">
      <marc:subfield code="a">(NO-TrBIB)122480619</marc:subfield>
    </marc:datafield>
    <marc:datafield tag="040" ind1=" " ind2=" ">
      <marc:subfield code="a">NO-TrBIB</marc:subfield>
      <marc:subfield code="b">nob</marc:subfield>
      <marc:subfield code="e">katreg</marc:subfield>
    </marc:datafield>
    <marc:datafield tag="100" ind1="1" ind2=" ">
      <marc:subfield code="a">Riordan, Rick</marc:subfield>
      <marc:subfield code="d">1964-</marc:subfield>
      <marc:subfield code="4">aut</marc:subfield>
      <marc:subfield code="1">http://viaf.org/viaf/60214017 </marc:subfield>
    </marc:datafield>
    <marc:datafield tag="240" ind1="1" ind2="0">
      <marc:subfield code="a">Percy Jackson and the lightning thief</marc:subfield>
      <marc:subfield code="1">http://viaf.org/viaf/3592148209308100460005</marc:subfield>
    </marc:datafield>
    <marc:datafield tag="245" ind1="1" ind2="0">
      <marc:subfield code="a">Percy Jackson and the lightning thief</marc:subfield>
      <marc:subfield code="c">Rick Riordan</marc:subfield>
    </marc:datafield>
    <marc:datafield tag="260" ind1=" " ind2=" ">
      <marc:subfield code="a">London</marc:subfield>
      <marc:subfield code="b">Puffin</marc:subfield>
      <marc:subfield code="c">2006</marc:subfield>
    </marc:datafield>
    <marc:datafield tag="300" ind1=" " ind2=" ">
      <marc:subfield code="a">374 s.</marc:subfield>
    </marc:datafield>
    <marc:datafield tag="336" ind1="#" ind2="#">
      <marc:subfield code="a">text</marc:subfield>
      <marc:subfield code="0">http://rdaregistry.info/termList/RDAContentType/1020</marc:subfield>
      <marc:subfield code="2">rdacontent</marc:subfield>
    </marc:datafield>
    <marc:datafield tag="337" ind1=" " ind2=" ">
      <marc:subfield code="a">unmediated</marc:subfield>
      <marc:subfield code="0">http://rdaregistry.info/termList/RDAMediaType/1007</marc:subfield>
      <marc:subfield code="2">rdamedia</marc:subfield>
    </marc:datafield>
    <marc:datafield tag="338" ind1=" " ind2=" ">
      <marc:subfield code="a">volume</marc:subfield>
      <marc:subfield code="0">http://rdaregistry.info/termList/RDACarrierType/1001</marc:subfield>
      <marc:subfield code="2">rdacarrier</marc:subfield>
    </marc:datafield>
    <marc:datafield tag="380" ind1=" " ind2=" ">
      <marc:subfield code="a">novel</marc:subfield>
      <marc:subfield code="2">marcgt</marc:subfield>
      <marc:subfield code="1">http://id.loc.gov/vocabulary/marcgt/nov</marc:subfield>
    </marc:datafield>
    <marc:datafield tag="385" ind1=" " ind2=" ">
      <marc:subfield code="a">Barn/ungdom</marc:subfield>
      <marc:subfield code="b">bu</marc:subfield>
      <marc:subfield code="b">u</marc:subfield>
      <marc:subfield code="b">mu</marc:subfield>
      <marc:subfield code="m">Age group</marc:subfield>
      <marc:subfield code="2">nortarget</marc:subfield>
    </marc:datafield>
    <marc:datafield tag="653" ind1=" " ind2=" ">
      <marc:subfield code="a">fantacy</marc:subfield>
      <marc:subfield code="a">barn</marc:subfield>
      <marc:subfield code="a">ungdom</marc:subfield>
      <marc:subfield code="a">10-12</marc:subfield>
    </marc:datafield>
    <marc:datafield tag="856" ind1="4" ind2="2">
      <marc:subfield code="3">Beskrivelse fra Forlagssentralen</marc:subfield>
      <marc:subfield code="u">http://content.bibsys.no/content/?type=descr_forlagssentr&amp;isbn=0141319135</marc:subfield>
    </marc:datafield>
    <marc:datafield tag="856" ind1="4" ind2="2">
      <marc:subfield code="3">Beskrivelse fra forlaget (kort)</marc:subfield>
      <marc:subfield code="u">http://content.bibsys.no/content/?type=descr_publ_brief&amp;isbn=0141319135</marc:subfield>
    </marc:datafield>
    <marc:datafield tag="856" ind1="4" ind2="2">
      <marc:subfield code="3">Beskrivelse fra forlaget (lang)</marc:subfield>
      <marc:subfield code="u">http://content.bibsys.no/content/?type=descr_publ_full&amp;isbn=0141319135</marc:subfield>
    </marc:datafield>
  </marc:record>