
  <marc:record>
    <marc:leader>01867cam a2200445 c 4500</marc:leader>
    <marc:controlfield tag="001">991236507394702201</marc:controlfield>
    <marc:controlfield tag="005">20190121162817.0</marc:controlfield>
    <marc:controlfield tag="007">ta</marc:controlfield>
    <marc:controlfield tag="007">cr||||||||||||</marc:controlfield>
    <marc:controlfield tag="008">140522s2013    no     j |||||00||f nob| </marc:controlfield>
    <marc:datafield tag="015" ind1=" " ind2=" ">
      <marc:subfield code="a">1307934</marc:subfield>
      <marc:subfield code="2">nbf</marc:subfield>
    </marc:datafield>
    <marc:datafield tag="020" ind1=" " ind2=" ">
      <marc:subfield code="a">978-82-516-5777-8</marc:subfield>
      <marc:subfield code="q">h.</marc:subfield>
      <marc:subfield code="c">Nkr 129.00</marc:subfield>
    </marc:datafield>
    <marc:datafield tag="035" ind1=" " ind2=" ">
      <marc:subfield code="a">123650739-47bibsys_network</marc:subfield>
    </marc:datafield>
    <marc:datafield tag="035" ind1=" " ind2=" ">
      <marc:subfield code="a">(NO-TrBIB)123650739</marc:subfield>
    </marc:datafield>
    <marc:datafield tag="035" ind1=" " ind2=" ">
      <marc:subfield code="a">(NO-OsBA)0293027</marc:subfield>
    </marc:datafield>
    <marc:datafield tag="035" ind1=" " ind2=" ">
      <marc:subfield code="a">(NO-TrBIB)132410869</marc:subfield>
    </marc:datafield>
    <marc:datafield tag="040" ind1=" " ind2=" ">
      <marc:subfield code="a">NO-OsNB</marc:subfield>
      <marc:subfield code="b">nob</marc:subfield>
      <marc:subfield code="e">katreg</marc:subfield>
    </marc:datafield>
    <marc:datafield tag="041" ind1="1" ind2=" ">
      <marc:subfield code="h">eng</marc:subfield>
    </marc:datafield>
    <marc:datafield tag="042" ind1=" " ind2=" ">
      <marc:subfield code="a">norbibl</marc:subfield>
    </marc:datafield>
    <marc:datafield tag="044" ind1=" " ind2=" ">
      <marc:subfield code="c">no</marc:subfield>
    </marc:datafield>
    <marc:datafield tag="082" ind1="7" ind2="4">
      <marc:subfield code="a">813</marc:subfield>
      <marc:subfield code="q">NO-OsNB</marc:subfield>
      <marc:subfield code="2">5/nor</marc:subfield>
    </marc:datafield>
    <marc:datafield tag="100" ind1="1" ind2=" ">
      <marc:subfield code="a">Riordan, Rick</marc:subfield>
      <marc:subfield code="d">1964-</marc:subfield>
      <marc:subfield code="4">aut</marc:subfield>
      <marc:subfield code="1">http://viaf.org/viaf/60214017 </marc:subfield>
    </marc:datafield>
    <marc:datafield tag="240" ind1="1" ind2="0">
      <marc:subfield code="a">Percy Jackson and the last Olympian</marc:subfield>
      <marc:subfield code="1">http://viaf.org/viaf/66145663002805071237 </marc:subfield>
    </marc:datafield>
    <marc:datafield tag="245" ind1="1" ind2="4">
      <marc:subfield code="a">Den siste olympier</marc:subfield>
      <marc:subfield code="c">Rick Riordan ; oversatt av Torleif Sjøgren-Erichsen</marc:subfield>
    </marc:datafield>
    <marc:datafield tag="246" ind1="1" ind2=" ">
      <marc:subfield code="i">Originaltittel:</marc:subfield>
      <marc:subfield code="a">The last Olympian</marc:subfield>
    </marc:datafield>
    <marc:datafield tag="260" ind1=" " ind2=" ">
      <marc:subfield code="a">[Oslo]</marc:subfield>
      <marc:subfield code="b">Schibsted</marc:subfield>
      <marc:subfield code="c">2013</marc:subfield>
    </marc:datafield>
    <marc:datafield tag="300" ind1=" " ind2=" ">
      <marc:subfield code="a">383 s.</marc:subfield>
    </marc:datafield>
    <marc:datafield tag="336" ind1="#" ind2="#">
      <marc:subfield code="a">text</marc:subfield>
      <marc:subfield code="0">http://rdaregistry.info/termList/RDAContentType/1020</marc:subfield>
      <marc:subfield code="2">rdacontent</marc:subfield>
    </marc:datafield>
    <marc:datafield tag="337" ind1=" " ind2=" ">
      <marc:subfield code="a">unmediated</marc:subfield>
      <marc:subfield code="0">http://rdaregistry.info/termList/RDAMediaType/1007</marc:subfield>
      <marc:subfield code="2">rdamedia</marc:subfield>
    </marc:datafield>
    <marc:datafield tag="338" ind1=" " ind2=" ">
      <marc:subfield code="a">volume</marc:subfield>
      <marc:subfield code="0">http://rdaregistry.info/termList/RDACarrierType/1001</marc:subfield>
      <marc:subfield code="2">rdacarrier</marc:subfield>
    </marc:datafield>
    <marc:datafield tag="380" ind1=" " ind2=" ">
      <marc:subfield code="a">novel</marc:subfield>
      <marc:subfield code="2">marcgt</marc:subfield>
      <marc:subfield code="1">http://id.loc.gov/vocabulary/marcgt/nov</marc:subfield>
    </marc:datafield>
    <marc:datafield tag="385" ind1=" " ind2=" ">
      <marc:subfield code="a">Barn/ungdom</marc:subfield>
      <marc:subfield code="b">bu</marc:subfield>
      <marc:subfield code="b">u</marc:subfield>
      <marc:subfield code="b">mu</marc:subfield>
      <marc:subfield code="m">Age group</marc:subfield>
      <marc:subfield code="2">nortarget</marc:subfield>
    </marc:datafield>
    <marc:datafield tag="490" ind1="1" ind2=" ">
      <marc:subfield code="a">Schibsted bestselger</marc:subfield>
    </marc:datafield>
    <marc:datafield tag="490" ind1="1" ind2=" ">
      <marc:subfield code="a">Percy Jackson</marc:subfield>
      <marc:subfield code="v">[5]</marc:subfield>
    </marc:datafield>
    <marc:datafield tag="500" ind1=" " ind2=" ">
      <marc:subfield code="a">1. norske utg. 2011</marc:subfield>
    </marc:datafield>
    <marc:datafield tag="700" ind1="1" ind2=" ">
      <marc:subfield code="a">Sjøgren-Erichsen, Torleif,</marc:subfield>
      <marc:subfield code="d">1958-</marc:subfield>
      <marc:subfield code="4">trl</marc:subfield>
      <marc:subfield code="1">http://viaf.org/viaf/270969716</marc:subfield>
    </marc:datafield>
    <marc:datafield tag="800" ind1="1" ind2=" ">
      <marc:subfield code="a">Riordan, Rick</marc:subfield>
      <marc:subfield code="d">1964-</marc:subfield>
      <marc:subfield code="t">Percy Jackson;</marc:subfield>
      <marc:subfield code="v">5</marc:subfield>
      <marc:subfield code="0">(NO-TrBIB)9068118</marc:subfield>
    </marc:datafield>
    <marc:datafield tag="830" ind1=" " ind2="0">
      <marc:subfield code="a">Schibsted bestselger</marc:subfield>
    </marc:datafield>
    <marc:datafield tag="856" ind1="4" ind2="2">
      <marc:subfield code="3">Beskrivelse fra forlaget (kort)</marc:subfield>
      <marc:subfield code="u">http://content.bibsys.no/content/?type=descr_publ_brief&amp;isbn=8251657776</marc:subfield>
    </marc:datafield>
    <marc:datafield tag="856" ind1="4" ind2="2">
      <marc:subfield code="3">Beskrivelse fra Forlagssentralen</marc:subfield>
      <marc:subfield code="u">http://content.bibsys.no/content/?type=descr_forlagssentr&amp;isbn=8251657776</marc:subfield>
    </marc:datafield>
  </marc:record>