
  <marc:record>
    <marc:leader>03302cam#a2200397 c#4500</marc:leader>
    <marc:controlfield tag="001">999920578563402201</marc:controlfield>
    <marc:controlfield tag="005">20181002122330.0</marc:controlfield>
    <marc:controlfield tag="007">cr#|||||||||||</marc:controlfield>
    <marc:controlfield tag="008">180625s2018    no#####jo|||||00|#1#nob| </marc:controlfield>
    <marc:datafield tag="020" ind1=" " ind2=" ">
      <marc:subfield code="a">9788241916236</marc:subfield>
    </marc:datafield>
    <marc:datafield tag="035" ind1=" " ind2=" ">
      <marc:subfield code="a">(NO-OsBAS)150297814</marc:subfield>
    </marc:datafield>
    <marc:datafield tag="040" ind1=" " ind2=" ">
      <marc:subfield code="a">NO-OsBAS</marc:subfield>
      <marc:subfield code="b">nob</marc:subfield>
      <marc:subfield code="d">NO-OsNB</marc:subfield>
      <marc:subfield code="e">katreg</marc:subfield>
    </marc:datafield>
    <marc:datafield tag="041" ind1="1" ind2=" ">
      <marc:subfield code="a">nob</marc:subfield>
      <marc:subfield code="h">eng</marc:subfield>
    </marc:datafield>
    <marc:datafield tag="082" ind1="0" ind2="4">
      <marc:subfield code="a">813.6</marc:subfield>
      <marc:subfield code="q">NO-OsBAS</marc:subfield>
      <marc:subfield code="2">23/nor</marc:subfield>
    </marc:datafield>
    <marc:datafield tag="100" ind1="1" ind2=" ">
      <marc:subfield code="a">Riordan, Rick</marc:subfield>
      <marc:subfield code="d">1964-</marc:subfield>
      <marc:subfield code="4">aut</marc:subfield>
      <marc:subfield code="1">http://viaf.org/viaf/60214017 </marc:subfield>
    </marc:datafield>
    <marc:datafield tag="240" ind1="1" ind2="4">
      <marc:subfield code="a">The burning maze</marc:subfield>
      <marc:subfield code="a">http://viaf.org/viaf/4078152932549609830002</marc:subfield>
    </marc:datafield>
    <marc:datafield tag="245" ind1="1" ind2="4">
      <marc:subfield code="a">Den brennende labyrinten</marc:subfield>
      <marc:subfield code="h">[elektronisk ressurs]</marc:subfield>
      <marc:subfield code="c">Rick Riordan ; oversatt av Torleif Sjøgren-Erichsen</marc:subfield>
    </marc:datafield>
    <marc:datafield tag="246" ind1="1" ind2=" ">
      <marc:subfield code="i">Originaltittel:</marc:subfield>
      <marc:subfield code="a">The burning maze</marc:subfield>
    </marc:datafield>
    <marc:datafield tag="260" ind1=" " ind2=" ">
      <marc:subfield code="a">Bergen</marc:subfield>
      <marc:subfield code="b">Vigmostad Bjørke</marc:subfield>
      <marc:subfield code="c">2018</marc:subfield>
    </marc:datafield>
    <marc:datafield tag="300" ind1=" " ind2=" ">
      <marc:subfield code="a">1 fil</marc:subfield>
    </marc:datafield>
    <marc:datafield tag="336" ind1=" " ind2=" ">
      <marc:subfield code="a">text</marc:subfield>
      <marc:subfield code="0">http://rdaregistry.info/termList/RDAContentType/10202rdamedia</marc:subfield>
    </marc:datafield>
    <marc:datafield tag="337" ind1=" " ind2=" ">
      <marc:subfield code="a">computer file</marc:subfield>
      <marc:subfield code="0">http://rdaregistry.info/termList/RDAMediaType/1003</marc:subfield>
      <marc:subfield code="2">rdamedia</marc:subfield>
    </marc:datafield>
    <marc:datafield tag="338" ind1=" " ind2=" ">
      <marc:subfield code="a">online resource</marc:subfield>
      <marc:subfield code="0">http://rdaregistry.info/termList/RDACarrierType/1018</marc:subfield>
      <marc:subfield code="2">rdacarrier</marc:subfield>
    </marc:datafield>
    <marc:datafield tag="380" ind1=" " ind2=" ">
      <marc:subfield code="a">novel</marc:subfield>
      <marc:subfield code="2">marcgt</marc:subfield>
      <marc:subfield code="1">http://id.loc.gov/vocabulary/marcgt/nov</marc:subfield>
    </marc:datafield>
    <marc:datafield tag="385" ind1=" " ind2=" ">
      <marc:subfield code="a">Barn/ungdom</marc:subfield>
      <marc:subfield code="b">mu</marc:subfield>
      <marc:subfield code="m">Age group</marc:subfield>
      <marc:subfield code="2">nortarget</marc:subfield>
    </marc:datafield>
    <marc:datafield tag="490" ind1="1" ind2=" ">
      <marc:subfield code="a">Apollons prøvelser</marc:subfield>
      <marc:subfield code="v">3</marc:subfield>
    </marc:datafield>
    <marc:datafield tag="520" ind1=" " ind2=" ">
      <marc:subfield code="a">Apollon har blitt jaget vekk fra Olympos etter å ha falt i unåde hos sin far, Zevs. Plutselig er han en helt vanlig, kvisete tenåringsgutt ved navn Lester nede på jorda. For å gjenvinne farens gunst, må han forlate Halvblodsleiren og bringe lyset tilbake til de mange mørklagte Oraklene rundt omkring i USA. Hvordan? Ved å gå gjennom en rekke skremmende og farlige prøvelser, så klart.Ved hjelp av vennene sine har Lester overlevd de to første prøvelsene: en i Halvblodsleiren og en i Indianapolis, hvor venninnen Meg mottok en mørk spådom. Nå må de inn i den brennende labyrinten, hvor det befinner seg en enda farligere trussel ...Den brennende labyrinten er tredje bok i serien Apollons prøvelser, skrevet av vår bestselgende forfatter Rick Riordan. Her møter vi også igjen gamle kjente fra Riordans univers og finner endelig ut hvordan det gikk med Percy Jackson og vennene hans.  Rick Riordan er, med mer enn 50 millioner solgte eks bare i USA, en av verdens mestselgende barnebokforfattere. Han har skrevet de prisbelønnede ungdomsseriene Percy Jackson, Kanekrøniken, Gudene fra Olympos, Apollons prøvelser og Magnus Chase og gudene fra Åsgard. Riordan har solgt mer enn 35 millioner bøker bare i USA og ble i 2011 kåret til årets beste barnebokforfatter av mer enn 500 000 amerikanske lesere.</marc:subfield>
    </marc:datafield>
    <marc:datafield tag="600" ind1="0" ind2="7">
      <marc:subfield code="a">Apollon (guddom)</marc:subfield>
      <marc:subfield code="0">(NO-TrBIB)1535375976455</marc:subfield>
      <marc:subfield code="2">bare</marc:subfield>
    </marc:datafield>
    <marc:datafield tag="650" ind1=" " ind2="7">
      <marc:subfield code="a">Gresk mytologi</marc:subfield>
      <marc:subfield code="2">bokbas</marc:subfield>
      <marc:subfield code="9">nob</marc:subfield>
    </marc:datafield>
    <marc:datafield tag="655" ind1=" " ind2="7">
      <marc:subfield code="a">Romaner</marc:subfield>
      <marc:subfield code="2">bokbas</marc:subfield>
      <marc:subfield code="9">nob</marc:subfield>
    </marc:datafield>
    <marc:datafield tag="655" ind1=" " ind2="7">
      <marc:subfield code="a">Fantasy</marc:subfield>
      <marc:subfield code="2">bokbas</marc:subfield>
      <marc:subfield code="9">nob</marc:subfield>
    </marc:datafield>
    <marc:datafield tag="700" ind1="1" ind2=" ">
      <marc:subfield code="a">Sjøgren-Erichsen, Torleif,</marc:subfield>
      <marc:subfield code="d">1958-</marc:subfield>
      <marc:subfield code="4">trl</marc:subfield>
      <marc:subfield code="1">http://viaf.org/viaf/270969716</marc:subfield>
    </marc:datafield>
    <marc:datafield tag="780" ind1="0" ind2="0">
      <marc:subfield code="t">Den mørke spådommen</marc:subfield>
    </marc:datafield>
    <marc:datafield tag="800" ind1="1" ind2=" ">
      <marc:subfield code="a">Riordan, Rick</marc:subfield>
      <marc:subfield code="d">1964-</marc:subfield>
      <marc:subfield code="t">Apollons prøvelser;</marc:subfield>
      <marc:subfield code="v">3</marc:subfield>
      <marc:subfield code="0">(NO-TrBIB)9068118</marc:subfield>
      <marc:subfield code="4">aut</marc:subfield>
    </marc:datafield>
    <marc:datafield tag="856" ind1="4" ind2="1">
      <marc:subfield code="a">media.boknett.no</marc:subfield>
      <marc:subfield code="3">Omslagsbilde</marc:subfield>
      <marc:subfield code="u">https://media.boknett.no/objects/14/78/150297814/productimage_ORG_1b7d492b0b387347810be7b61c896e3547e7d7e3.jpg</marc:subfield>
      <marc:subfield code="n">Bokbasen, Oslo</marc:subfield>
      <marc:subfield code="q">image/jpeg</marc:subfield>
    </marc:datafield>
    <marc:datafield tag="856" ind1="4" ind2="1">
      <marc:subfield code="a">media.boknett.no</marc:subfield>
      <marc:subfield code="3">Miniatyrbilde</marc:subfield>
      <marc:subfield code="u">https://media.boknett.no/objects/14/78/150297814/productimage_OS_0a1b3a0b7aa54d331df55c396384ea13d98a1311.jpg</marc:subfield>
      <marc:subfield code="n">Bokbasen, Oslo</marc:subfield>
      <marc:subfield code="q">image/jpeg</marc:subfield>
    </marc:datafield>
  </marc:record>