
  <marc:record>
    <marc:leader>01543cam a2200373 c 4500</marc:leader>
    <marc:controlfield tag="001">991443899914702201</marc:controlfield>
    <marc:controlfield tag="005">20160622161230.0</marc:controlfield>
    <marc:controlfield tag="007">ta</marc:controlfield>
    <marc:controlfield tag="008">150616s2015    no#||||j||||||000|f|nob| </marc:controlfield>
    <marc:datafield tag="015" ind1=" " ind2=" ">
      <marc:subfield code="a">1518821</marc:subfield>
      <marc:subfield code="2">nbf</marc:subfield>
    </marc:datafield>
    <marc:datafield tag="020" ind1=" " ind2=" ">
      <marc:subfield code="a">9788251683500</marc:subfield>
      <marc:subfield code="q">ib.</marc:subfield>
      <marc:subfield code="c">Nkr 299.00</marc:subfield>
    </marc:datafield>
    <marc:datafield tag="035" ind1=" " ind2=" ">
      <marc:subfield code="a">144389991-47bibsys_network</marc:subfield>
    </marc:datafield>
    <marc:datafield tag="035" ind1=" " ind2=" ">
      <marc:subfield code="a">(NO-TrBIB)144389991</marc:subfield>
    </marc:datafield>
    <marc:datafield tag="035" ind1=" " ind2=" ">
      <marc:subfield code="a">(NO-OsBA)0422909</marc:subfield>
    </marc:datafield>
    <marc:datafield tag="040" ind1=" " ind2=" ">
      <marc:subfield code="a">NO-OsNB</marc:subfield>
      <marc:subfield code="b">nob</marc:subfield>
      <marc:subfield code="e">katreg</marc:subfield>
    </marc:datafield>
    <marc:datafield tag="041" ind1="1" ind2=" ">
      <marc:subfield code="h">eng</marc:subfield>
    </marc:datafield>
    <marc:datafield tag="042" ind1=" " ind2=" ">
      <marc:subfield code="a">norbibl</marc:subfield>
    </marc:datafield>
    <marc:datafield tag="044" ind1=" " ind2=" ">
      <marc:subfield code="c">no</marc:subfield>
    </marc:datafield>
    <marc:datafield tag="082" ind1="7" ind2="4">
      <marc:subfield code="a">813</marc:subfield>
      <marc:subfield code="q">NO-OsNB</marc:subfield>
      <marc:subfield code="2">5/nor</marc:subfield>
    </marc:datafield>
    <marc:datafield tag="100" ind1="1" ind2=" ">
      <marc:subfield code="a">Riordan, Rick</marc:subfield>
      <marc:subfield code="d">1964-,</marc:subfield>
      <marc:subfield code="4">aut</marc:subfield>
      <marc:subfield code="1">http://viaf.org/viaf/60214017</marc:subfield>
    </marc:datafield>
    <marc:datafield tag="240" ind1="1" ind2="4">
      <marc:subfield code="a">The house of Hades</marc:subfield>
      <marc:subfield code="1">http://viaf.org/viaf/803144783080859828568</marc:subfield>
    </marc:datafield>
    <marc:datafield tag="245" ind1="1" ind2="0">
      <marc:subfield code="a">Hades' hus</marc:subfield>
      <marc:subfield code="c">Rick Riordan ; oversatt av Torleif Sjøgren-Erichsen</marc:subfield>
    </marc:datafield>
    <marc:datafield tag="246" ind1="1" ind2=" ">
      <marc:subfield code="a">The house of Hades</marc:subfield>
      <marc:subfield code="i">Originaltittel</marc:subfield>
    </marc:datafield>
    <marc:datafield tag="260" ind1=" " ind2=" ">
      <marc:subfield code="a">Oslo</marc:subfield>
      <marc:subfield code="b">Schibsted</marc:subfield>
      <marc:subfield code="c">cop. 2015</marc:subfield>
    </marc:datafield>
    <marc:datafield tag="300" ind1=" " ind2=" ">
      <marc:subfield code="a">575 s.</marc:subfield>
    </marc:datafield>
    <marc:datafield tag="336" ind1="#" ind2="#">
      <marc:subfield code="a">text</marc:subfield>
      <marc:subfield code="0">http://rdaregistry.info/termList/RDAContentType/1020</marc:subfield>
      <marc:subfield code="2">rdacontent</marc:subfield>
    </marc:datafield>
    <marc:datafield tag="337" ind1=" " ind2=" ">
      <marc:subfield code="a">unmediated</marc:subfield>
      <marc:subfield code="0">http://rdaregistry.info/termList/RDAMediaType/1007</marc:subfield>
      <marc:subfield code="2">rdamedia</marc:subfield>
    </marc:datafield>
    <marc:datafield tag="338" ind1=" " ind2=" ">
      <marc:subfield code="a">volume</marc:subfield>
      <marc:subfield code="0">http://rdaregistry.info/termList/RDACarrierType/1001</marc:subfield>
      <marc:subfield code="2">rdacarrier</marc:subfield>
    </marc:datafield>
    <marc:datafield tag="380" ind1=" " ind2=" ">
      <marc:subfield code="a">novel</marc:subfield>
      <marc:subfield code="2">marcgt</marc:subfield>
      <marc:subfield code="1">http://id.loc.gov/vocabulary/marcgt/nov</marc:subfield>
    </marc:datafield>
    <marc:datafield tag="385" ind1=" " ind2=" ">
      <marc:subfield code="a">Barn/ungdom</marc:subfield>
      <marc:subfield code="b">bu</marc:subfield>
      <marc:subfield code="b">u</marc:subfield>
      <marc:subfield code="b">mu</marc:subfield>
      <marc:subfield code="m">Age group</marc:subfield>
      <marc:subfield code="2">nortarget</marc:subfield>
    </marc:datafield>
    <marc:datafield tag="490" ind1="1" ind2=" ">
      <marc:subfield code="a">Gudene fra Olympos</marc:subfield>
      <marc:subfield code="v">[4]</marc:subfield>
    </marc:datafield>
    <marc:datafield tag="700" ind1="1" ind2=" ">
      <marc:subfield code="a">Sjøgren-Erichsen, Torleif,</marc:subfield>
      <marc:subfield code="d">1958-</marc:subfield>
      <marc:subfield code="4">trl</marc:subfield>
      <marc:subfield code="1">http://viaf.org/viaf/270969716</marc:subfield>
    </marc:datafield>
    <marc:datafield tag="800" ind1="1" ind2=" ">
      <marc:subfield code="a">Riordan, Rick</marc:subfield>
      <marc:subfield code="t">Gudene fra Olympos</marc:subfield>
      <marc:subfield code="v">4</marc:subfield>
      <marc:subfield code="d">1964-</marc:subfield>
      <marc:subfield code="4">aut</marc:subfield>
    </marc:datafield>
    <marc:datafield tag="856" ind1="4" ind2="2">
      <marc:subfield code="3">Beskrivelse fra forlaget (kort)</marc:subfield>
      <marc:subfield code="u">http://content.bibsys.no/content/?type=descr_publ_brief&amp;isbn=9788251683500</marc:subfield>
    </marc:datafield>
  </marc:record>