
  <marc:record>
    <marc:leader>02661cam#a2200385 c#4500</marc:leader>
    <marc:controlfield tag="001">999920253778902201</marc:controlfield>
    <marc:controlfield tag="005">20181002092351.0</marc:controlfield>
    <marc:controlfield tag="007">cr#|||||||||||</marc:controlfield>
    <marc:controlfield tag="008">170223s2017    no#####jo|||||00|#1#nob| </marc:controlfield>
    <marc:datafield tag="019" ind1=" " ind2=" ">
      <marc:subfield code="b">nb</marc:subfield>
    </marc:datafield>
    <marc:datafield tag="020" ind1=" " ind2=" ">
      <marc:subfield code="a">9788251685535</marc:subfield>
    </marc:datafield>
    <marc:datafield tag="035" ind1=" " ind2=" ">
      <marc:subfield code="a">(NO-OsBAS)150264419</marc:subfield>
    </marc:datafield>
    <marc:datafield tag="040" ind1=" " ind2=" ">
      <marc:subfield code="a">NO-OsBAS</marc:subfield>
      <marc:subfield code="b">nob</marc:subfield>
      <marc:subfield code="d">NO-OsNB</marc:subfield>
      <marc:subfield code="e">katreg</marc:subfield>
    </marc:datafield>
    <marc:datafield tag="041" ind1="1" ind2=" ">
      <marc:subfield code="a">nob</marc:subfield>
      <marc:subfield code="h">eng</marc:subfield>
    </marc:datafield>
    <marc:datafield tag="082" ind1="0" ind2="4">
      <marc:subfield code="a">813.6</marc:subfield>
      <marc:subfield code="q">NO-OsBAS</marc:subfield>
      <marc:subfield code="2">23/nor</marc:subfield>
    </marc:datafield>
    <marc:datafield tag="100" ind1="1" ind2=" ">
      <marc:subfield code="a">Riordan, Rick</marc:subfield>
      <marc:subfield code="d">1964-</marc:subfield>
      <marc:subfield code="4">aut</marc:subfield>
      <marc:subfield code="1">http://viaf.org/viaf/60214017 </marc:subfield>
    </marc:datafield>
    <marc:datafield tag="240" ind1="1" ind2="0">
      <marc:subfield code="a">Hammer of thor</marc:subfield>
      <marc:subfield code="1">http://viaf.org/viaf/3738149619372404010003</marc:subfield>
    </marc:datafield>
    <marc:datafield tag="245" ind1="1" ind2="0">
      <marc:subfield code="a">Tors hammer</marc:subfield>
      <marc:subfield code="h">[elektronisk ressurs]</marc:subfield>
      <marc:subfield code="c">Rick Riordan ; oversatt av Torleif Sjøgren-Erichsen</marc:subfield>
    </marc:datafield>
    <marc:datafield tag="246" ind1="1" ind2=" ">
      <marc:subfield code="i">Originaltittel:</marc:subfield>
      <marc:subfield code="a">The hammer of Thor</marc:subfield>
    </marc:datafield>
    <marc:datafield tag="260" ind1=" " ind2=" ">
      <marc:subfield code="a">Bergen</marc:subfield>
      <marc:subfield code="b">Vigmostad Bjørke</marc:subfield>
      <marc:subfield code="c">2017</marc:subfield>
    </marc:datafield>
    <marc:datafield tag="300" ind1=" " ind2=" ">
      <marc:subfield code="a">1 fil</marc:subfield>
    </marc:datafield>
    <marc:datafield tag="336" ind1=" " ind2=" ">
      <marc:subfield code="a">text</marc:subfield>
      <marc:subfield code="0">http://rdaregistry.info/termList/RDAContentType/10202rdamedia</marc:subfield>
    </marc:datafield>
    <marc:datafield tag="337" ind1=" " ind2=" ">
      <marc:subfield code="a">computer file</marc:subfield>
      <marc:subfield code="0">http://rdaregistry.info/termList/RDAMediaType/1003</marc:subfield>
      <marc:subfield code="2">rdamedia</marc:subfield>
    </marc:datafield>
    <marc:datafield tag="338" ind1=" " ind2=" ">
      <marc:subfield code="a">online resource</marc:subfield>
      <marc:subfield code="0">http://rdaregistry.info/termList/RDACarrierType/1018</marc:subfield>
      <marc:subfield code="2">rdacarrier</marc:subfield>
    </marc:datafield>
    <marc:datafield tag="380" ind1=" " ind2=" ">
      <marc:subfield code="a">novel</marc:subfield>
      <marc:subfield code="2">marcgt</marc:subfield>
      <marc:subfield code="1">http://id.loc.gov/vocabulary/marcgt/nov</marc:subfield>
    </marc:datafield>
    <marc:datafield tag="385" ind1=" " ind2=" ">
      <marc:subfield code="a">Barn/ungdom</marc:subfield>
      <marc:subfield code="b">mu</marc:subfield>
      <marc:subfield code="m">Age group</marc:subfield>
      <marc:subfield code="2">nortarget</marc:subfield>
    </marc:datafield>
    <marc:datafield tag="490" ind1="1" ind2=" ">
      <marc:subfield code="a">Magnus Chase og gudene fra Åsgard</marc:subfield>
      <marc:subfield code="v">2</marc:subfield>
    </marc:datafield>
    <marc:datafield tag="520" ind1=" " ind2=" ">
      <marc:subfield code="a">NY SPENNINGSBOK FRA BESTSELGERFORFATTEREN RICK RIORDAN Gjør deg klar for Ragnarok ... Tors hammer er borte. Igjen. Tordenguden har en urovekkende vane med å glemme hvor han legger våpenet sitt - det kraftigste våpenet i de ni verdener. Men denne gangen er ikke hammeren bare borte, fienden har slått kloa i den. Hvis ikke Magnus Chase og vennene hans får tak i hammeren raskt, vil de dødelige verdenene være forsvarsløse mot stormangrep fra kjempene. Ragnarok vil begynne. De ni verdenene vil brenne. Dessverre er det bare én person som kan skaffe hammeren tilbake, og det er gudenes aller verste fiende, Loke - og prisen han forlanger, er skyhøy.  «Rick Riordans nye serie er ganske enkelt glimrende - kanskje hans beste så langt.» Harlan Coben</marc:subfield>
    </marc:datafield>
    <marc:datafield tag="650" ind1=" " ind2="7">
      <marc:subfield code="a">Norrøn mytologi</marc:subfield>
      <marc:subfield code="2">bokbas</marc:subfield>
      <marc:subfield code="9">nob</marc:subfield>
    </marc:datafield>
    <marc:datafield tag="655" ind1=" " ind2="7">
      <marc:subfield code="a">Romaner</marc:subfield>
      <marc:subfield code="2">bokbas</marc:subfield>
      <marc:subfield code="9">nob</marc:subfield>
    </marc:datafield>
    <marc:datafield tag="655" ind1=" " ind2="7">
      <marc:subfield code="a">Fantasy</marc:subfield>
      <marc:subfield code="2">bokbas</marc:subfield>
      <marc:subfield code="9">nob</marc:subfield>
    </marc:datafield>
    <marc:datafield tag="700" ind1="1" ind2=" ">
      <marc:subfield code="a">Sjøgren-Erichsen, Torleif,</marc:subfield>
      <marc:subfield code="d">1958-</marc:subfield>
      <marc:subfield code="4">trl</marc:subfield>
      <marc:subfield code="1">http://viaf.org/viaf/270969716</marc:subfield>
    </marc:datafield>
    <marc:datafield tag="800" ind1="1" ind2=" ">
      <marc:subfield code="a">Riordan, Rick</marc:subfield>
      <marc:subfield code="d">1964-</marc:subfield>
      <marc:subfield code="t">Magnus Chase og gudene fra Åsgard;</marc:subfield>
      <marc:subfield code="v">2</marc:subfield>
      <marc:subfield code="0">(NO-TrBIB)9068118</marc:subfield>
      <marc:subfield code="4">aut</marc:subfield>
    </marc:datafield>
    <marc:datafield tag="856" ind1="4" ind2="1">
      <marc:subfield code="a">media.boknett.no</marc:subfield>
      <marc:subfield code="3">Omslagsbilde</marc:subfield>
      <marc:subfield code="u">https://media.boknett.no/objects/19/44/150264419/productimage_ORG_3f78debacc917fbeb7721c4e9b051fd12b807a8f.jpg</marc:subfield>
      <marc:subfield code="n">Bokbasen, Oslo</marc:subfield>
      <marc:subfield code="q">image/jpeg</marc:subfield>
    </marc:datafield>
    <marc:datafield tag="856" ind1="4" ind2="1">
      <marc:subfield code="a">media.boknett.no</marc:subfield>
      <marc:subfield code="3">Miniatyrbilde</marc:subfield>
      <marc:subfield code="u">https://media.boknett.no/objects/19/44/150264419/productimage_OS_c83c8df5b1a8a1866aa135f52feeeae0c5b2ae35.jpg</marc:subfield>
      <marc:subfield code="n">Bokbasen, Oslo</marc:subfield>
      <marc:subfield code="q">image/jpeg</marc:subfield>
    </marc:datafield>
  </marc:record>