
  <marc:record>
    <marc:leader>02373nam a2200409 c 4500</marc:leader>
    <marc:controlfield tag="001">999920253753902201</marc:controlfield>
    <marc:controlfield tag="005">20181122191625.0</marc:controlfield>
    <marc:controlfield tag="007">ta</marc:controlfield>
    <marc:controlfield tag="008">170316s2017    no ab  j |||||00| f nob| </marc:controlfield>
    <marc:datafield tag="020" ind1=" " ind2=" ">
      <marc:subfield code="a">978-82-8357-027-4</marc:subfield>
      <marc:subfield code="q">h.</marc:subfield>
      <marc:subfield code="c">Nkr 169.00</marc:subfield>
    </marc:datafield>
    <marc:datafield tag="035" ind1=" " ind2=" ">
      <marc:subfield code="a">(NO-OsBAS)150265647</marc:subfield>
    </marc:datafield>
    <marc:datafield tag="040" ind1=" " ind2=" ">
      <marc:subfield code="a">NO-OsBAS</marc:subfield>
      <marc:subfield code="b">nob</marc:subfield>
      <marc:subfield code="d">NO-OsNB</marc:subfield>
      <marc:subfield code="e">katreg</marc:subfield>
    </marc:datafield>
    <marc:datafield tag="041" ind1="1" ind2=" ">
      <marc:subfield code="a">nob</marc:subfield>
      <marc:subfield code="h">eng</marc:subfield>
    </marc:datafield>
    <marc:datafield tag="082" ind1="0" ind2="4">
      <marc:subfield code="a">823.92</marc:subfield>
      <marc:subfield code="q">NO-OsNB</marc:subfield>
      <marc:subfield code="2">23/nor</marc:subfield>
    </marc:datafield>
    <marc:datafield tag="100" ind1="1" ind2=" ">
      <marc:subfield code="a">Hunter, Erin</marc:subfield>
      <marc:subfield code="4">aut</marc:subfield>
      <marc:subfield code="1">http://viaf.org/viaf/80628900</marc:subfield>
    </marc:datafield>
    <marc:datafield tag="240" ind1="1" ind2="0">
      <marc:subfield code="a">Forest devided</marc:subfield>
    </marc:datafield>
    <marc:datafield tag="245" ind1="1" ind2="3">
      <marc:subfield code="a">En delt skog</marc:subfield>
      <marc:subfield code="c">Erin Hunter ; oversatt av Kari Wille Rekdal ; [kart av Gary Chalk ; kapittelillustrasjoner av Allen Douglas]</marc:subfield>
    </marc:datafield>
    <marc:datafield tag="246" ind1="1" ind2=" ">
      <marc:subfield code="i">Originaltittel:</marc:subfield>
      <marc:subfield code="a">Forest divided</marc:subfield>
    </marc:datafield>
    <marc:datafield tag="260" ind1=" " ind2=" ">
      <marc:subfield code="a">Oslo</marc:subfield>
      <marc:subfield code="b">Juritzen jr</marc:subfield>
      <marc:subfield code="c">cop. 2017</marc:subfield>
    </marc:datafield>
    <marc:datafield tag="300" ind1=" " ind2=" ">
      <marc:subfield code="a">324 s.</marc:subfield>
      <marc:subfield code="b">ill., kart</marc:subfield>
      <marc:subfield code="c">21 cm</marc:subfield>
    </marc:datafield>
    <marc:datafield tag="336" ind1=" " ind2=" ">
      <marc:subfield code="a">text</marc:subfield>
      <marc:subfield code="2">rdacontent</marc:subfield>
    </marc:datafield>
    <marc:datafield tag="337" ind1=" " ind2=" ">
      <marc:subfield code="a">unmediated</marc:subfield>
      <marc:subfield code="2">rdacarrier</marc:subfield>
    </marc:datafield>
    <marc:datafield tag="338" ind1=" " ind2=" ">
      <marc:subfield code="a">volume</marc:subfield>
      <marc:subfield code="2">rdacarrier</marc:subfield>
    </marc:datafield>
    <marc:datafield tag="385" ind1=" " ind2=" ">
      <marc:subfield code="a">Barn/ungdom</marc:subfield>
      <marc:subfield code="b">bu</marc:subfield>
      <marc:subfield code="b">u</marc:subfield>
      <marc:subfield code="b">mu</marc:subfield>
      <marc:subfield code="m">Age group</marc:subfield>
      <marc:subfield code="2">nortarget</marc:subfield>
    </marc:datafield>
    <marc:datafield tag="490" ind1="1" ind2=" ">
      <marc:subfield code="a">Kattekrigerne. Serie 5, Klanene våkner</marc:subfield>
      <marc:subfield code="v">bok 5</marc:subfield>
    </marc:datafield>
    <marc:datafield tag="520" ind1=" " ind2=" ">
      <marc:subfield code="a">Løvbart er tilbake og truer alle katter med matmangel og kulde. Samtidig er beskjeden fra åndekattene som før: for å overleve må de vokse og spre seg som glødestjernen. Og det må skje raskt.  Kattekrigerne Serie 5 gir deg forhistorien til Erin Hunters salgsuksess Kattekrigerne. I den action-fylte «Klanene våkner»-serien får du vite hvordan klanene ble til. Lenge før Ildstjerne forlot kosekatthjemmet sitt og ble en del av Tordenklanen la en gruppe katter fra fjellene ut på en farlig reise på leting etter et nytt hjem ...</marc:subfield>
    </marc:datafield>
    <marc:datafield tag="650" ind1=" " ind2="7">
      <marc:subfield code="a">Katter</marc:subfield>
      <marc:subfield code="2">bokbas</marc:subfield>
      <marc:subfield code="9">nob</marc:subfield>
    </marc:datafield>
    <marc:datafield tag="655" ind1=" " ind2="7">
      <marc:subfield code="a">Romaner</marc:subfield>
      <marc:subfield code="2">bokbas</marc:subfield>
      <marc:subfield code="9">nob</marc:subfield>
    </marc:datafield>
    <marc:datafield tag="655" ind1=" " ind2="7">
      <marc:subfield code="a">Fantasy</marc:subfield>
      <marc:subfield code="2">bokbas</marc:subfield>
      <marc:subfield code="9">nob</marc:subfield>
    </marc:datafield>
    <marc:datafield tag="700" ind1="1" ind2=" ">
      <marc:subfield code="a">Rekdal, Kari Wille,</marc:subfield>
      <marc:subfield code="d">1954-</marc:subfield>
      <marc:subfield code="4">trl</marc:subfield>
      <marc:subfield code="1">http://viaf.org/viaf/168901901</marc:subfield>
    </marc:datafield>
    <marc:datafield tag="700" ind1="1" ind2=" ">
      <marc:subfield code="a">Chalk, Gary,</marc:subfield>
      <marc:subfield code="d">1952-</marc:subfield>
      <marc:subfield code="1">http://viaf.org/viaf/3936598</marc:subfield>
      <marc:subfield code="4">ill</marc:subfield>
    </marc:datafield>
    <marc:datafield tag="700" ind1="1" ind2=" ">
      <marc:subfield code="a">Douglas, Allen</marc:subfield>
      <marc:subfield code="0">(NO-TrBIB)90912556</marc:subfield>
      <marc:subfield code="4">ill</marc:subfield>
    </marc:datafield>
    <marc:datafield tag="780" ind1="0" ind2="0">
      <marc:subfield code="t">Glødestjernen</marc:subfield>
    </marc:datafield>
    <marc:datafield tag="785" ind1="0" ind2="0">
      <marc:subfield code="t">Stjernestien</marc:subfield>
    </marc:datafield>
    <marc:datafield tag="800" ind1="1" ind2=" ">
      <marc:subfield code="a">Hunter, Erin</marc:subfield>
      <marc:subfield code="t">Kattekrigerne</marc:subfield>
      <marc:subfield code="n">Serie 5</marc:subfield>
      <marc:subfield code="p">Klanene våkner;</marc:subfield>
      <marc:subfield code="v">bok 5</marc:subfield>
      <marc:subfield code="0">(NO-TrBIB)13057559</marc:subfield>
      <marc:subfield code="4">aut</marc:subfield>
    </marc:datafield>
    <marc:datafield tag="856" ind1="4" ind2="1">
      <marc:subfield code="a">media.boknett.no</marc:subfield>
      <marc:subfield code="3">Omslagsbilde</marc:subfield>
      <marc:subfield code="u">https://media.boknett.no/objects/47/56/150265647/productimage_ORG_75696a8b99a3b82c900ad0b39055b80d4d843c33.jpg</marc:subfield>
      <marc:subfield code="n">Bokbasen, Oslo</marc:subfield>
      <marc:subfield code="q">image/jpeg</marc:subfield>
    </marc:datafield>
    <marc:datafield tag="856" ind1="4" ind2="1">
      <marc:subfield code="a">media.boknett.no</marc:subfield>
      <marc:subfield code="3">Miniatyrbilde</marc:subfield>
      <marc:subfield code="u">https://media.boknett.no/objects/47/56/150265647/productimage_OS_60ac65d78dcd5fd6f1b07736c567550970c6ff5d.jpg</marc:subfield>
      <marc:subfield code="n">Bokbasen, Oslo</marc:subfield>
      <marc:subfield code="q">image/jpeg</marc:subfield>
    </marc:datafield>
  </marc:record>