
  <marc:record>
    <marc:leader>01383cam a2200373 c 4500</marc:leader>
    <marc:controlfield tag="001">991512418304702201</marc:controlfield>
    <marc:controlfield tag="005">20180226123051.0</marc:controlfield>
    <marc:controlfield tag="007">cr |||||||||||</marc:controlfield>
    <marc:controlfield tag="008">150824s2015    no ||||jo|||||000|f|nob| </marc:controlfield>
    <marc:datafield tag="015" ind1=" " ind2=" ">
      <marc:subfield code="a">1520962</marc:subfield>
      <marc:subfield code="2">nbf</marc:subfield>
    </marc:datafield>
    <marc:datafield tag="020" ind1=" " ind2=" ">
      <marc:subfield code="a">978-82-93304-08-1</marc:subfield>
      <marc:subfield code="c">Nkr 129.00</marc:subfield>
    </marc:datafield>
    <marc:datafield tag="035" ind1=" " ind2=" ">
      <marc:subfield code="a">15124183x-47bibsys_network</marc:subfield>
    </marc:datafield>
    <marc:datafield tag="035" ind1=" " ind2=" ">
      <marc:subfield code="a">(NO-TrBIB)15124183x</marc:subfield>
    </marc:datafield>
    <marc:datafield tag="040" ind1=" " ind2=" ">
      <marc:subfield code="a">NO-OsNB</marc:subfield>
      <marc:subfield code="b">nob</marc:subfield>
      <marc:subfield code="e">katreg</marc:subfield>
    </marc:datafield>
    <marc:datafield tag="041" ind1="1" ind2=" ">
      <marc:subfield code="h">eng</marc:subfield>
    </marc:datafield>
    <marc:datafield tag="042" ind1=" " ind2=" ">
      <marc:subfield code="a">norbibl</marc:subfield>
    </marc:datafield>
    <marc:datafield tag="044" ind1=" " ind2=" ">
      <marc:subfield code="c">no</marc:subfield>
    </marc:datafield>
    <marc:datafield tag="082" ind1="7" ind2="4">
      <marc:subfield code="a">823</marc:subfield>
      <marc:subfield code="q">NO-OsNB</marc:subfield>
      <marc:subfield code="2">5/nor</marc:subfield>
    </marc:datafield>
    <marc:datafield tag="100" ind1="1" ind2=" ">
      <marc:subfield code="a">Hunter, Erin</marc:subfield>
      <marc:subfield code="4">aut</marc:subfield>
      <marc:subfield code="1">http://viaf.org/viaf/80628900</marc:subfield>
    </marc:datafield>
    <marc:datafield tag="240" ind1="1" ind2="0">
      <marc:subfield code="a">Into the wild</marc:subfield>
      <marc:subfield code="1">http://viaf.org/viaf/308557965</marc:subfield>
    </marc:datafield>
    <marc:datafield tag="245" ind1="1" ind2="0">
      <marc:subfield code="a">Tilbake til villmarken</marc:subfield>
      <marc:subfield code="c">Erin Hunter ; oversatt av Lisa Vesterås</marc:subfield>
      <marc:subfield code="h">[elektronisk ressurs]</marc:subfield>
    </marc:datafield>
    <marc:datafield tag="246" ind1="1" ind2=" ">
      <marc:subfield code="i">Originaltittel:</marc:subfield>
      <marc:subfield code="a">Into the wild</marc:subfield>
    </marc:datafield>
    <marc:datafield tag="260" ind1=" " ind2=" ">
      <marc:subfield code="a">Oslo</marc:subfield>
      <marc:subfield code="b">Juritzen jr</marc:subfield>
      <marc:subfield code="c">cop. 2015</marc:subfield>
    </marc:datafield>
    <marc:datafield tag="300" ind1=" " ind2=" ">
      <marc:subfield code="a">1 fil</marc:subfield>
      <marc:subfield code="b">EPUB</marc:subfield>
    </marc:datafield>
    <marc:datafield tag="336" ind1=" " ind2=" ">
      <marc:subfield code="a">text</marc:subfield>
      <marc:subfield code="2">rdamedia</marc:subfield>
    </marc:datafield>
    <marc:datafield tag="337" ind1=" " ind2=" ">
      <marc:subfield code="a">ereader</marc:subfield>
      <marc:subfield code="2">rdacarrier</marc:subfield>
    </marc:datafield>
    <marc:datafield tag="338" ind1=" " ind2=" ">
      <marc:subfield code="a">electronicresource</marc:subfield>
      <marc:subfield code="2">rdacarrier</marc:subfield>
    </marc:datafield>
    <marc:datafield tag="385" ind1=" " ind2=" ">
      <marc:subfield code="a">Barn/ungdom</marc:subfield>
      <marc:subfield code="b">bu</marc:subfield>
      <marc:subfield code="b">u</marc:subfield>
      <marc:subfield code="b">mu</marc:subfield>
      <marc:subfield code="m">Age group</marc:subfield>
      <marc:subfield code="2">nortarget</marc:subfield>
    </marc:datafield>
    <marc:datafield tag="490" ind1="1" ind2=" ">
      <marc:subfield code="a">Kattekrigerne</marc:subfield>
      <marc:subfield code="v">bok 1</marc:subfield>
    </marc:datafield>
    <marc:datafield tag="500" ind1=" " ind2=" ">
      <marc:subfield code="a">Copyrightår i kolofonen: 2013</marc:subfield>
    </marc:datafield>
    <marc:datafield tag="700" ind1="1" ind2=" ">
      <marc:subfield code="a">Vesterås, Lisa,</marc:subfield>
      <marc:subfield code="d">1977-</marc:subfield>
      <marc:subfield code="4">trl</marc:subfield>
      <marc:subfield code="1">http://viaf.org/viaf/230733711</marc:subfield>
    </marc:datafield>
    <marc:datafield tag="776" ind1="0" ind2=" ">
      <marc:subfield code="t">Tilbake til villmarken</marc:subfield>
      <marc:subfield code="w">991320315154702201</marc:subfield>
    </marc:datafield>
    <marc:datafield tag="800" ind1="1" ind2=" ">
      <marc:subfield code="a">Hunter, Erin</marc:subfield>
      <marc:subfield code="0">(NO-TrBIB)13057559</marc:subfield>
      <marc:subfield code="4">aut</marc:subfield>
    </marc:datafield>
    <marc:datafield tag="856" ind1="4" ind2="2">
      <marc:subfield code="3">Beskrivelse fra forlaget (kort)</marc:subfield>
      <marc:subfield code="u">http://content.bibsys.no/content/?type=descr_publ_brief&amp;isbn=9788293304081</marc:subfield>
    </marc:datafield>
  </marc:record>
</marc:collection>